,MktDate,Instrument,MachineTime,ExchangeTime,Bid,Bid1,Bid2,Bid3,Bid4,Ask,Ask1,Ask2,Ask3,Ask4,BidSize,BidSize1,BidSize2,BidSize3,BidSize4,AskSize,AskSize1,AskSize2,AskSize3,AskSize4,LastPrice,AccVolume,AccTurnOver,Volume,TurnOver,Pred,DATA_SOURCE,AS_OF_DATE
1,20210125,OI0001,664664400052264923,664664400000000000,9770.0,9769.0,9768.0,9767.0,9766.0,9772.0,9773.0,9775.0,9776.0,9777.0,112,1,5,11,8,6,4,204,13,2,9770.0,375,36637500.0,3.0,33003060.0,-0.12838000000010652,EsunnyL2,20210125
2,20210125,OI0001,664664400302438390,664664400250000000,9772.0,9770.0,9769.0,9768.0,9767.0,9775.0,9776.0,9777.0,9778.0,9779.0,2,46,2,5,14,199,13,2,3,1,9770.0,590,57646480.0,215.0,21008980.0,-0.16427499999917927,EsunnyL2,20210125
4,20210125,OI0001,664664400848606679,664664400750000000,9771.0,9768.0,9767.0,9766.0,9765.0,9772.0,9773.0,9774.0,9775.0,9776.0,2,6,11,8,113,5,14,10,230,15,9771.0,771,75331920.0,80.0,7816200.0,-0.26278000000093016,EsunnyL2,20210125
5,20210125,OI0001,664664401052950623,664664401000000000,9769.0,9768.0,9767.0,9766.0,9765.0,9771.0,9772.0,9773.0,9774.0,9775.0,5,9,11,8,113,2,10,22,10,229,9770.0,820,80119760.0,49.0,4787840.0,-0.3811649999988731,EsunnyL2,20210125
6,20210125,OI0001,664664401302961499,664664401250000000,9769.0,9768.0,9767.0,9766.0,9765.0,9770.0,9771.0,9772.0,9773.0,9774.0,5,9,11,8,113,40,34,46,19,10,9770.0,832,81292150.0,12.0,1172390.0,-0.5343000000011671,EsunnyL2,20210125
7,20210125,OI0001,664664401553312025,664664401500000000,9768.0,9767.0,9766.0,9765.0,9764.0,9770.0,9771.0,9772.0,9773.0,9774.0,3,11,8,113,3,36,33,47,19,10,9768.0,865,84515960.0,0.0,84515960.0,-0.6514879999995173,EsunnyL2,20210125
9,20210125,OI0001,664664401803221105,664664401750000000,9767.0,9766.0,9765.0,9764.0,9763.0,9769.0,9770.0,9771.0,9772.0,9773.0,12,8,113,4,1,2,31,33,49,19,9768.0,885,86469750.0,20.0,1953790.0,-0.8652830000009999,EsunnyL2,20210125
10,20210125,OI0001,664664402053520192,664664402000000000,9767.0,0.0,0.0,0.0,0.0,9768.0,0.0,0.0,0.0,0.0,10,0,0,0,0,4,0,0,0,0,9768.0,898,0.0,13.0,-86469750.0,-0.5065539999995963,EFH_SF,20210125
12,20210125,OI0001,664664402306889921,664664402250000000,9766.0,9765.0,9764.0,9763.0,9762.0,9767.0,9768.0,9769.0,9770.0,9771.0,8,105,3,1,3,24,33,8,31,9,9768.0,943,92135040.0,0.0,3940.0,-0.3518320000002859,EsunnyL2,20210125
13,20210125,OI0001,664664402554250468,664664402500000000,9767.0,9766.0,9765.0,9764.0,9763.0,9768.0,9769.0,9770.0,9771.0,9772.0,1,14,91,3,1,24,12,38,9,63,9767.0,1031,100729480.0,88.0,8594440.0,-0.5147440000000643,EsunnyL2,20210125
15,20210125,OI0001,664664402803980611,664664402750000000,9766.0,9765.0,9764.0,9763.0,9762.0,9767.0,9768.0,9769.0,9770.0,9771.0,15,92,3,1,3,2,16,30,52,9,9768.0,1051,102682960.0,0.0,260.0,-0.6552789999986999,EsunnyL2,20210125
16,20210125,OI0001,664664403053992643,664664403000000000,9767.0,9766.0,9765.0,9764.0,9763.0,9768.0,9769.0,9770.0,9771.0,9772.0,3,13,92,3,1,11,30,55,11,51,9767.0,1084,105906120.0,33.0,3223160.0,-0.4451790000002802,EsunnyL2,20210125
17,20210125,OI0001,664664403304182441,664664403250000000,9766.0,9765.0,9764.0,9763.0,9762.0,9768.0,9769.0,9770.0,9771.0,9772.0,1,87,3,1,3,4,30,56,11,45,9766.0,1114,108836070.0,0.0,108836070.0,-0.5866119999991497,EsunnyL2,20210125
19,20210125,OI0001,664664403554258495,664664403500000000,9765.0,9764.0,9763.0,9762.0,9761.0,9766.0,9767.0,9768.0,9769.0,9770.0,82,3,1,3,203,5,1,21,30,56,9765.0,1140,111375280.0,26.0,2539210.0,-0.32613800000035553,EsunnyL2,20210125
20,20210125,OI0001,664664403804330643,664664403750000000,9765.0,9764.0,9763.0,9762.0,9761.0,9766.0,9768.0,9769.0,9770.0,9771.0,82,3,4,3,203,21,15,30,33,7,9766.0,1207,117918740.0,67.0,6543460.0,-0.5050589999991644,EsunnyL2,20210125
21,20210125,OI0001,664664404054491732,664664404000000000,9764.0,9763.0,9762.0,9761.0,9760.0,9765.0,9766.0,9767.0,9768.0,9769.0,4,4,3,203,158,1,3,2,15,30,9767.0,1328,129734790.0,121.0,11816050.0,0.07985899999948742,EsunnyL2,20210125
22,20210125,OI0001,664664404304559807,664664404250000000,9763.0,9762.0,9761.0,9760.0,9759.0,9765.0,9766.0,9767.0,9768.0,9769.0,4,5,203,158,1,2,4,4,16,32,9765.0,1362,133054840.0,34.0,3320050.0,-0.19826999999895634,EsunnyL2,20210125
23,20210125,OI0001,664664404554833341,664664404500000000,9763.0,9762.0,9761.0,9760.0,9759.0,9764.0,9765.0,9766.0,9767.0,9768.0,5,5,203,158,1,1,2,1,5,17,9763.0,1404,137156040.0,42.0,4101200.0,-0.29347799999959534,EsunnyL2,20210125
24,20210125,OI0001,664664404804835358,664664404750000000,9764.0,9763.0,9762.0,9761.0,9760.0,9765.0,9766.0,9767.0,9768.0,9769.0,10,8,5,203,158,3,4,9,17,22,9764.0,1416,138327750.0,12.0,1171710.0,-0.5469250000005559,EsunnyL2,20210125
25,20210125,OI0001,664664405055092322,664664405000000000,9764.0,9763.0,9762.0,9761.0,9760.0,9765.0,9766.0,9767.0,9768.0,9769.0,12,7,5,203,158,1,8,15,17,22,9764.0,1451,141745510.0,35.0,3417760.0,-0.25671499999953085,EsunnyL2,20210125
26,20210125,OI0001,664664405305208680,664664405250000000,9764.0,9763.0,9762.0,9761.0,9760.0,9765.0,9766.0,9767.0,9768.0,9769.0,1,7,5,204,158,15,9,21,17,22,9765.0,1490,145553780.0,39.0,3808270.0,-0.035431999998763786,EsunnyL2,20210125
27,20210125,OI0001,664664405555469456,664664405500000000,9764.0,9763.0,9762.0,9761.0,9760.0,9765.0,9766.0,9767.0,9768.0,9769.0,2,1,5,204,158,31,12,21,18,20,9764.0,1534,149849950.0,44.0,4296170.0,-0.092808999999761,EsunnyL2,20210125
28,20210125,OI0001,664664405805549018,664664405750000000,9764.0,9763.0,9762.0,9761.0,9760.0,9765.0,9766.0,9767.0,9768.0,9769.0,2,3,5,204,158,32,13,22,19,20,9765.0,1550,151412200.0,16.0,1562250.0,-0.015108999999938533,EsunnyL2,20210125
29,20210125,OI0001,664664406055685087,664664406000000000,9764.0,9763.0,9762.0,9761.0,9760.0,9765.0,9766.0,9767.0,9768.0,9769.0,2,4,5,204,158,33,25,22,19,20,9764.0,1576,153950850.0,26.0,2538650.0,0.20290299999942363,EsunnyL2,20210125
30,20210125,OI0001,664664406305788585,664664406250000000,9763.0,9762.0,9761.0,9760.0,9759.0,9764.0,9765.0,9766.0,9767.0,9768.0,5,6,204,158,1,2,30,26,22,19,9764.0,1592,155513150.0,16.0,1562300.0,0.12225100000068778,EsunnyL2,20210125
31,20210125,OI0001,664664406555924520,664664406500000000,9763.0,9762.0,9761.0,9760.0,9759.0,9764.0,9765.0,9766.0,9767.0,9768.0,5,6,204,159,3,1,27,29,24,19,9765.0,1624,158637520.0,32.0,3124370.0,0.6015520000000834,EsunnyL2,20210125
32,20210125,OI0001,664664406806130638,664664406750000000,9763.0,9762.0,9761.0,9760.0,9759.0,9764.0,9765.0,9766.0,9767.0,9768.0,8,6,204,159,3,11,25,29,20,23,9764.0,1640,160199790.0,16.0,1562270.0,0.11551700000018172,EsunnyL2,20210125
33,20210125,OI0001,664664407056197397,664664407000000000,9762.0,9761.0,9760.0,9759.0,9758.0,9764.0,9765.0,9766.0,9767.0,9768.0,4,204,159,3,6,3,19,29,18,23,9762.0,1666,162738290.0,26.0,2538500.0,0.20884300000034273,EsunnyL2,20210125
34,20210125,OI0001,664664407306342219,664664407250000000,9762.0,9761.0,9760.0,9759.0,9758.0,9763.0,9764.0,9765.0,9766.0,9767.0,2,204,159,3,6,1,17,19,29,18,9763.0,1678,163909770.0,12.0,1171480.0,0.3878229999991163,EsunnyL2,20210125
35,20210125,OI0001,664664407556449227,664664407500000000,9763.0,9762.0,9761.0,9760.0,9759.0,9764.0,9765.0,9766.0,9767.0,9768.0,5,11,204,159,3,20,18,16,19,24,9763.0,1697,165764680.0,19.0,1854910.0,-0.03546300000016345,EsunnyL2,20210125
36,20210125,OI0001,664664407806685989,664664407750000000,9764.0,9763.0,9762.0,9761.0,9760.0,9765.0,9766.0,9767.0,9768.0,9769.0,1,3,13,204,159,22,16,19,24,16,9763.0,1732,169181980.0,35.0,3417300.0,0.05704599999990023,EsunnyL2,20210125
37,20210125,OI0001,664664408056823888,664664408000000000,9763.0,0.0,0.0,0.0,0.0,9765.0,0.0,0.0,0.0,0.0,2,0,0,0,0,16,0,0,0,0,9764.0,1756,0.0,24.0,-169181980.0,0.3168900000000576,EFH_SF,20210125
38,20210125,OI0001,664664408306868351,664664408250000000,9764.0,9763.0,9762.0,9761.0,9760.0,9765.0,9766.0,9767.0,9768.0,9769.0,1,8,12,204,159,8,17,19,24,16,9765.0,1786,174454720.0,30.0,174454720.0,0.6547059999993508,EsunnyL2,20210125
39,20210125,OI0001,664664408556968786,664664408500000000,9765.0,9764.0,9763.0,9762.0,9761.0,9766.0,9767.0,9768.0,9769.0,9770.0,30,18,8,12,204,12,19,24,16,58,9765.0,1807,176505440.0,21.0,2050720.0,0.3718539999990753,EsunnyL2,20210125
40,20210125,OI0001,664664408807088274,664664408750000000,9766.0,9765.0,9764.0,9763.0,9762.0,9767.0,9768.0,9769.0,9770.0,9771.0,3,33,18,9,13,19,24,16,58,4,9766.0,1831,178849280.0,24.0,2343840.0,0.21569000000090455,EsunnyL2,20210125
41,20210125,OI0001,664664409057296255,664664409000000000,9766.0,9765.0,9764.0,9763.0,9762.0,9767.0,9768.0,9769.0,9770.0,9771.0,8,35,17,10,13,26,24,16,59,7,9766.0,1836,179337580.0,5.0,488300.0,0.19045700000060606,EsunnyL2,20210125
43,20210125,OI0001,664664409307362723,664664409250000000,9765.0,9764.0,9763.0,9762.0,9761.0,9766.0,9767.0,9768.0,9769.0,9770.0,34,17,10,13,205,1,35,24,16,59,9766.0,1847,180411830.0,0.0,180411830.0,0.17778200000066136,EsunnyL2,20210125
44,20210125,OI0001,664664409557388907,664664409500000000,9766.0,9765.0,9764.0,9763.0,9762.0,9767.0,9768.0,9769.0,9770.0,9771.0,15,29,17,10,13,35,24,16,59,7,9766.0,1858,181486060.0,11.0,1074230.0,0.0791189999999915,EsunnyL2,20210125
46,20210125,OI0001,664664409807616875,664664409750000000,9766.0,9765.0,9764.0,9763.0,9762.0,9767.0,9768.0,9769.0,9770.0,9771.0,9,30,20,10,13,35,24,16,59,7,9766.0,1867,182365000.0,0.0,-3560.0,-0.11957199999960721,EsunnyL2,20210125
47,20210125,OI0001,664664410057838966,664664410000000000,9766.0,0.0,0.0,0.0,0.0,9767.0,0.0,0.0,0.0,0.0,1,0,0,0,0,36,0,0,0,0,9767.0,1882,0.0,15.0,-182365000.0,-0.463846000000558,EFH_SF,20210125
48,20210125,OI0001,664664410307859370,664664410250000000,9766.0,9765.0,9764.0,9763.0,9762.0,9767.0,9768.0,9769.0,9770.0,9771.0,2,28,22,11,13,28,25,16,59,7,9767.0,1899,185490240.0,17.0,185490240.0,0.17358400000011898,EsunnyL2,20210125
49,20210125,OI0001,664664410557976850,664664410500000000,9766.0,9765.0,9764.0,9763.0,9762.0,9767.0,9768.0,9769.0,9770.0,9771.0,16,28,22,11,13,24,25,16,60,7,9767.0,1922,187736610.0,23.0,2246370.0,0.542234999998982,EsunnyL2,20210125
51,20210125,OI0001,664664410808141963,664664410750000000,9766.0,9765.0,9764.0,9763.0,9762.0,9768.0,9769.0,9770.0,9771.0,9772.0,14,38,22,10,13,25,16,60,7,26,9766.0,1965,191936320.0,0.0,191936320.0,0.03242300000056275,EsunnyL2,20210125
52,20210125,OI0001,664664411058179865,664664411000000000,9766.0,0.0,0.0,0.0,0.0,9767.0,0.0,0.0,0.0,0.0,1,0,0,0,0,1,0,0,0,0,9765.0,1995,0.0,30.0,-191936320.0,-0.3922629999997298,EFH_SF,20210125
53,20210125,OI0001,664664411308296239,664664411250000000,9766.0,9765.0,9764.0,9763.0,9762.0,9768.0,9769.0,9770.0,9771.0,9772.0,22,36,22,11,14,24,16,60,7,26,9767.0,2014,196721920.0,0.0,196721920.0,0.3369860000002518,EsunnyL2,20210125
55,20210125,OI0001,664664411558430910,664664411500000000,9767.0,9766.0,9765.0,9764.0,9763.0,9768.0,9769.0,9770.0,9771.0,9772.0,4,23,36,22,11,8,16,60,7,26,9768.0,2039,199163860.0,25.0,2441940.0,0.4393099999997503,EsunnyL2,20210125
56,20210125,OI0001,664664411808633962,664664411750000000,9767.0,9766.0,9765.0,9764.0,9763.0,9768.0,9769.0,9770.0,9771.0,9772.0,12,23,36,22,16,9,16,59,7,26,9768.0,2065,201703400.0,26.0,2539540.0,0.5719590000007884,EsunnyL2,20210125
57,20210125,OI0001,664664412058757143,664664412000000000,9767.0,9766.0,9765.0,9764.0,9763.0,9768.0,9769.0,9770.0,9771.0,9772.0,14,21,36,22,16,11,16,59,7,26,9767.0,2077,202875530.0,12.0,1172130.0,0.543374999999287,EsunnyL2,20210125
58,20210125,OI0001,664664412308866884,664664412250000000,9768.0,9767.0,9766.0,9765.0,9764.0,9769.0,9770.0,9771.0,9772.0,9773.0,1,3,21,35,23,16,59,7,26,8,9767.0,2101,205219720.0,24.0,2344190.0,0.5067159999998694,EsunnyL2,20210125
59,20210125,OI0001,664664412559008817,664664412500000000,9768.0,9767.0,9766.0,9765.0,9764.0,9769.0,9770.0,9771.0,9772.0,9773.0,1,6,21,36,23,28,59,7,26,8,9769.0,2112,206294210.0,11.0,1074490.0,-0.03138599999874714,EsunnyL2,20210125
60,20210125,OI0001,664664412809393573,664664412750000000,9767.0,9766.0,9765.0,9764.0,9763.0,9769.0,9770.0,9771.0,9772.0,9773.0,1,27,36,23,16,32,59,7,26,8,9768.0,2124,207466300.0,12.0,1172090.0,-0.10041999999884865,EsunnyL2,20210125
61,20210125,OI0001,664664413059277882,664664413000000000,9766.0,9765.0,9764.0,9763.0,9762.0,9767.0,9768.0,9769.0,9770.0,9771.0,27,36,23,16,14,3,3,39,59,7,9767.0,2159,210885150.0,35.0,3418850.0,-0.2038620000002993,EsunnyL2,20210125
63,20210125,OI0001,664664413309426104,664664413250000000,9765.0,9764.0,9763.0,9762.0,9761.0,9767.0,9768.0,9769.0,9770.0,9771.0,36,23,16,14,205,2,1,40,59,7,9766.0,2205,215377770.0,0.0,215377770.0,-0.3246499999986554,EsunnyL2,20210125
64,20210125,OI0001,664664413559486030,664664413500000000,9765.0,9764.0,9763.0,9762.0,9761.0,9767.0,9768.0,9769.0,9770.0,9771.0,35,22,16,14,205,1,17,45,59,7,9766.0,2245,219284380.0,40.0,3906610.0,0.30139999999846623,EsunnyL2,20210125
66,20210125,OI0001,664664414059752914,664664414000000000,9766.0,9765.0,9764.0,9763.0,9762.0,9767.0,9768.0,9769.0,9770.0,9771.0,1,35,22,17,14,7,19,46,59,7,9767.0,2257,220456330.0,10.0,220456330.0,0.25658300000031886,EsunnyL2,20210125
67,20210125,OI0001,664664414309904750,664664414250000000,9765.0,9764.0,9763.0,9762.0,9761.0,9767.0,9768.0,9769.0,9770.0,9771.0,33,22,20,14,204,4,19,46,62,7,9767.0,2265,221237640.0,0.0,-7560.0,0.32371100000091246,EsunnyL2,20210125
69,20210125,OI0001,664664414559945439,664664414500000000,9765.0,9764.0,9763.0,9762.0,9761.0,9767.0,9768.0,9769.0,9770.0,9771.0,30,22,20,14,204,13,23,46,62,7,9766.0,2297,224362910.0,0.0,224362910.0,0.24238399999921967,EsunnyL2,20210125
71,20210125,OI0001,664664414811400265,664664414750000000,9765.0,9764.0,9763.0,9762.0,9761.0,9766.0,9767.0,9768.0,9769.0,9770.0,7,22,20,14,204,2,11,23,46,62,9765.0,2326,227194860.0,0.0,227194860.0,-0.15787600000112434,EsunnyL2,20210125
73,20210125,OI0001,664664415061653664,664664415000000000,9764.0,9763.0,9762.0,9761.0,9760.0,9765.0,9766.0,9767.0,9768.0,9769.0,18,20,14,204,161,2,21,11,23,42,9765.0,2355,230026660.0,29.0,2831800.0,0.1028969999988476,EsunnyL2,20210125
74,20210125,OI0001,664664415311745995,664664415250000000,9765.0,9764.0,9763.0,9762.0,9761.0,9766.0,9767.0,9768.0,9769.0,9770.0,3,21,20,14,204,17,11,24,42,62,9766.0,2374,231882060.0,0.0,231882060.0,0.2718729999996867,EsunnyL2,20210125
76,20210125,OI0001,664664415561760840,664664415500000000,9765.0,9764.0,9763.0,9762.0,9761.0,9766.0,9767.0,9768.0,9769.0,9770.0,1,20,20,14,204,28,11,24,42,65,9764.0,2388,233249180.0,14.0,1367120.0,0.2227439999987837,EsunnyL2,20210125
77,20210125,OI0001,664664415811899211,664664415750000000,9764.0,9763.0,9762.0,9761.0,9760.0,9765.0,9766.0,9767.0,9768.0,9769.0,15,23,14,204,161,3,30,11,24,42,9765.0,2397,234127980.0,9.0,878800.0,0.15121499999986554,EsunnyL2,20210125
78,20210125,OI0001,664664416062002497,664664416000000000,9764.0,0.0,0.0,0.0,0.0,9765.0,0.0,0.0,0.0,0.0,8,0,0,0,0,4,0,0,0,0,9764.0,2410,0.0,13.0,-234127980.0,0.08334800000011455,EFH_SF,20210125
79,20210125,OI0001,664664416315476155,664664416250000000,9764.0,9763.0,9762.0,9761.0,9760.0,9766.0,9767.0,9768.0,9769.0,9770.0,2,23,14,204,164,30,11,24,21,65,9765.0,2426,236959660.0,16.0,236959660.0,0.2400500000003376,EsunnyL2,20210125
80,20210125,OI0001,664664416562312247,664664416500000000,9765.0,9764.0,9763.0,9762.0,9761.0,9766.0,9767.0,9768.0,9769.0,9770.0,1,8,23,14,204,30,11,24,21,66,9765.0,2437,238033800.0,11.0,1074140.0,0.10694599999987986,EsunnyL2,20210125
81,20210125,OI0001,664664416812649162,664664416750000000,9765.0,9764.0,9763.0,9762.0,9761.0,9767.0,9768.0,9769.0,9770.0,9771.0,4,8,23,14,204,12,25,21,66,7,9766.0,2470,241256560.0,0.0,11660.0,0.6723889999993844,EsunnyL2,20210125
83,20210125,OI0001,664664417062579619,664664417000000000,9766.0,9765.0,9764.0,9763.0,9762.0,9767.0,9768.0,9769.0,9770.0,9771.0,6,14,7,23,15,25,25,21,66,7,9766.0,2482,242428510.0,12.0,1171950.0,0.016180999999050982,EsunnyL2,20210125
84,20210125,OI0001,664664417312688312,664664417250000000,9766.0,9765.0,9764.0,9763.0,9762.0,9767.0,9768.0,9769.0,9770.0,9771.0,22,12,9,23,15,17,25,21,66,7,9765.0,2515,245651510.0,33.0,3223000.0,0.31946699999934935,EsunnyL2,20210125
85,20210125,OI0001,664664417562757320,664664417500000000,9764.0,9763.0,9762.0,9761.0,9760.0,9765.0,9766.0,9767.0,9768.0,9769.0,11,23,15,204,164,101,3,17,25,21,9765.0,2555,249557700.0,40.0,3906190.0,0.4571879999984958,EsunnyL2,20210125
86,20210125,OI0001,664664417812847798,664664417750000000,9763.0,9762.0,9761.0,9760.0,9759.0,9765.0,9766.0,9767.0,9768.0,9769.0,24,15,204,164,9,94,6,21,28,21,9765.0,2576,251608240.0,21.0,2050540.0,0.8173419999984617,EsunnyL2,20210125
87,20210125,OI0001,664664418063064431,664664418000000000,9764.0,9763.0,9762.0,9761.0,9760.0,9765.0,9766.0,9767.0,9768.0,9769.0,5,25,15,204,164,93,6,21,28,21,9764.0,2584,252389370.0,8.0,781130.0,0.274120000000039,EsunnyL2,20210125
88,20210125,OI0001,664664418313210394,664664418250000000,9763.0,9762.0,9761.0,9760.0,9759.0,9764.0,9765.0,9766.0,9767.0,9768.0,24,15,204,164,9,1,85,6,21,28,9763.0,2599,253854030.0,0.0,9700.0,0.2881280000001425,EsunnyL2,20210125
90,20210125,OI0001,664664418568072708,664664418500000000,9765.0,9763.0,9762.0,9761.0,9760.0,9766.0,9767.0,9768.0,9769.0,9770.0,15,20,15,204,164,1,21,14,24,61,9766.0,2701,263814240.0,0.0,7570.0,0.11941999999908148,EsunnyL2,20210125
92,20210125,OI0001,664664418813353007,664664418750000000,9766.0,9765.0,9764.0,9763.0,9762.0,9767.0,9768.0,9769.0,9770.0,9771.0,10,20,3,21,15,3,14,24,31,7,9767.0,2728,266451290.0,27.0,2637050.0,0.30775899999935064,EsunnyL2,20210125
93,20210125,OI0001,664664419063526291,664664419000000000,9767.0,0.0,0.0,0.0,0.0,9768.0,0.0,0.0,0.0,0.0,2,0,0,0,0,14,0,0,0,0,9767.0,2743,0.0,15.0,-266451290.0,0.04319200000099954,EFH_SF,20210125
94,20210125,OI0001,664664419313592770,664664419250000000,9766.0,9765.0,9764.0,9763.0,9762.0,9768.0,9769.0,9770.0,9771.0,9772.0,3,21,6,20,15,14,24,31,7,25,9766.0,2753,268892940.0,10.0,268892940.0,0.17099799999959941,EsunnyL2,20210125
95,20210125,OI0001,664664419563893325,664664419500000000,9766.0,9765.0,9764.0,9763.0,9762.0,9767.0,9768.0,9769.0,9770.0,9771.0,31,21,6,20,15,10,15,25,31,7,9766.0,2755,269088260.0,0.0,269088260.0,0.09170799999992596,EsunnyL2,20210125
97,20210125,OI0001,664664419813934364,664664419750000000,9767.0,9766.0,9765.0,9764.0,9763.0,9768.0,9769.0,9770.0,9771.0,9772.0,3,32,21,6,20,4,25,31,7,25,9767.0,2786,272116180.0,0.0,272116180.0,0.18069499999910477,EsunnyL2,20210125
99,20210125,OI0001,664664420064381426,664664420000000000,9767.0,9769.0,9768.0,9767.0,9766.0,9768.0,9773.0,9775.0,9776.0,9777.0,38,1,5,11,8,1,4,204,13,2,9767.0,2811,0.0,25.0,-272116180.0,0.13016999999854306,EFH_SF,20210125
100,20210125,OI0001,664664420314484539,664664420250000000,9768.0,9767.0,9766.0,9765.0,9764.0,9769.0,9770.0,9771.0,9772.0,9773.0,12,39,31,23,6,25,30,7,25,8,9768.0,2820,275437250.0,9.0,275437250.0,0.013635000001158915,EsunnyL2,20210125
101,20210125,OI0001,664664420564635398,664664420500000000,9768.0,9767.0,9766.0,9765.0,9764.0,9769.0,9770.0,9771.0,9772.0,9773.0,6,37,31,29,6,7,30,5,25,8,9768.0,2864,279735500.0,0.0,279735500.0,-0.2615160000004835,EsunnyL2,20210125
103,20210125,OI0001,664664420814810712,664664420750000000,9768.0,9767.0,9766.0,9765.0,9764.0,9769.0,9770.0,9771.0,9772.0,9773.0,5,37,31,29,7,3,30,5,25,8,9769.0,2885,281786930.0,21.0,2051430.0,0.010635000000547734,EsunnyL2,20210125
104,20210125,OI0001,664664421064811849,664664421000000000,9769.0,9768.0,9767.0,9766.0,9765.0,9770.0,9771.0,9772.0,9773.0,9774.0,9,9,11,8,113,29,34,46,19,10,9769.0,2911,0.0,26.0,-281786930.0,0.04712599999947997,EFH_SF,20210125
106,20210125,OI0001,664664421316603734,664664421250000000,9768.0,9767.0,9766.0,9765.0,9764.0,9769.0,9770.0,9771.0,9772.0,9773.0,9,8,31,29,7,1,25,5,25,8,9769.0,2927,285889970.0,0.0,285889970.0,0.27939299999889045,EsunnyL2,20210125
107,20210125,OI0001,664664421566619191,664664421500000000,9768.0,9767.0,9766.0,9765.0,9764.0,9769.0,9770.0,9771.0,9772.0,9773.0,9,8,27,29,8,11,26,5,25,8,9769.0,2934,286573800.0,7.0,683830.0,0.1167409999998199,EsunnyL2,20210125
108,20210125,OI0001,664664421819401401,664664421750000000,9768.0,9767.0,9766.0,9765.0,9764.0,9769.0,9770.0,9771.0,9772.0,9773.0,1,8,27,29,8,4,26,5,25,8,9769.0,2955,288625200.0,0.0,288625200.0,-0.050854000000981614,EsunnyL2,20210125
110,20210125,OI0001,664664422067189024,664664422000000000,9766.0,9765.0,9764.0,9763.0,9762.0,9769.0,9770.0,9771.0,9772.0,9773.0,27,35,8,21,15,5,26,5,25,8,9767.0,2985,291555670.0,30.0,2930470.0,-0.6407170000002225,EsunnyL2,20210125
112,20210125,OI0001,664664422317016385,664664422250000000,9767.0,9766.0,9765.0,9764.0,9763.0,9768.0,9769.0,9770.0,9771.0,9772.0,7,27,35,8,21,8,27,26,5,25,9768.0,2986,291653350.0,0.0,291653350.0,-0.14963400000124238,EsunnyL2,20210125
113,20210125,OI0001,664664422567096142,664664422500000000,9766.0,9765.0,9764.0,9763.0,9762.0,9767.0,9768.0,9769.0,9770.0,9771.0,1,35,8,18,14,2,23,28,26,6,9767.0,3022,295169210.0,36.0,3515860.0,-0.6169190000000526,EsunnyL2,20210125
114,20210125,OI0001,664664422817260046,664664422750000000,9766.0,9765.0,9764.0,9763.0,9762.0,9767.0,9768.0,9769.0,9770.0,9771.0,1,35,8,18,14,9,24,28,26,6,9767.0,3036,296536510.0,0.0,296536510.0,-0.22319299999981013,EsunnyL2,20210125
116,20210125,OI0001,664664423067431743,664664423000000000,9765.0,9765.0,9764.0,9763.0,9762.0,9767.0,9769.0,9770.0,9771.0,9772.0,36,87,3,1,3,1,30,56,11,45,9766.0,3048,0.0,12.0,-296536510.0,0.11977900000056252,EFH_SF,20210125
117,20210125,OI0001,664664423317558084,664664423250000000,9766.0,9765.0,9764.0,9763.0,9762.0,9767.0,9768.0,9769.0,9770.0,9771.0,9,35,8,18,14,11,24,29,26,6,9767.0,3054,298294530.0,0.0,298294530.0,0.06040500000017346,EsunnyL2,20210125
119,20210125,OI0001,664664423567626959,664664423500000000,9766.0,9765.0,9764.0,9763.0,9762.0,9767.0,9768.0,9769.0,9770.0,9771.0,4,35,8,18,11,1,24,30,26,6,9766.0,3082,301029220.0,0.0,10280.0,0.17723000000114553,EsunnyL2,20210125
121,20210125,OI0001,664664423817753648,664664423750000000,9766.0,9765.0,9764.0,9763.0,9762.0,9767.0,9768.0,9769.0,9770.0,9771.0,13,38,8,18,11,1,23,30,26,7,9766.0,3092,302005900.0,0.0,302005900.0,0.0259779999996681,EsunnyL2,20210125
123,20210125,OI0001,664664424068356269,664664424000000000,9766.0,9763.0,9762.0,9761.0,9760.0,9767.0,9766.0,9767.0,9768.0,9769.0,16,7,5,203,158,9,8,15,17,22,9767.0,3094,0.0,2.0,-302005900.0,-0.23778999999922235,EFH_SF,20210125
125,20210125,OI0001,664664424318592473,664664424250000000,9765.0,9764.0,9763.0,9762.0,9761.0,9766.0,9767.0,9768.0,9769.0,9770.0,40,8,18,11,209,6,11,31,31,26,9766.0,3111,303861460.0,0.0,303861460.0,-0.0971769999996468,EsunnyL2,20210125
126,20210125,OI0001,664664424568647371,664664424500000000,9765.0,9764.0,9763.0,9762.0,9761.0,9766.0,9767.0,9768.0,9769.0,9770.0,39,8,18,11,209,16,11,31,31,26,9765.0,3112,303959110.0,1.0,97650.0,-0.1915919999992184,EsunnyL2,20210125
127,20210125,OI0001,664664424818741910,664664424750000000,9764.0,9763.0,9762.0,9761.0,9760.0,9766.0,9767.0,9768.0,9769.0,9770.0,8,18,11,209,165,12,13,32,31,26,9766.0,3157,308353410.0,45.0,4394300.0,0.3035469999995257,EsunnyL2,20210125
128,20210125,OI0001,664664425068952959,664664425000000000,9764.0,9763.0,9762.0,9761.0,9760.0,9766.0,9767.0,9768.0,9769.0,9770.0,3,18,11,209,165,29,13,34,16,26,9764.0,3173,309915730.0,16.0,1562320.0,-0.1236800000006042,EsunnyL2,20210125
130,20210125,OI0001,664664425319012537,664664425250000000,9763.0,9762.0,9761.0,9760.0,9759.0,9764.0,9765.0,9766.0,9767.0,9768.0,15,11,209,165,8,1,7,30,13,34,9765.0,3182,310794460.0,0.0,310794460.0,-0.3091530000001512,EsunnyL2,20210125
131,20210125,OI0001,664664425569217440,664664425500000000,9763.0,9762.0,9761.0,9760.0,9759.0,9764.0,9765.0,9766.0,9767.0,9768.0,15,11,209,165,8,16,20,32,13,34,9763.0,3198,312356670.0,16.0,1562210.0,-0.2829810000002908,EsunnyL2,20210125
132,20210125,OI0001,664664425819253641,664664425750000000,9762.0,9761.0,9760.0,9759.0,9758.0,9763.0,9764.0,9765.0,9766.0,9767.0,11,209,165,8,7,29,19,20,34,13,9763.0,3221,314602160.0,23.0,2245490.0,-0.36036799999965297,EsunnyL2,20210125
133,20210125,OI0001,664664426069426562,664664426000000000,9761.0,9760.0,9759.0,9758.0,9757.0,9763.0,9764.0,9765.0,9766.0,9767.0,211,165,8,7,1,24,19,22,34,13,9762.0,3242,316652260.0,21.0,2050100.0,-0.19866500000171072,EsunnyL2,20210125
134,20210125,OI0001,664664426319574103,664664426250000000,9761.0,9760.0,9759.0,9758.0,9757.0,9763.0,9764.0,9765.0,9766.0,9767.0,211,165,8,7,3,39,19,24,36,13,9762.0,3242,316652260.0,0.0,6120.0,-0.4108269999996992,EsunnyL2,20210125
136,20210125,OI0001,664664426569632114,664664426500000000,9761.0,9760.0,9759.0,9758.0,9757.0,9762.0,9763.0,9764.0,9765.0,9766.0,209,165,8,7,3,1,45,25,24,36,9761.0,3246,317042720.0,0.0,317042720.0,0.04437399999915215,EsunnyL2,20210125
138,20210125,OI0001,664664426819684440,664664426750000000,9761.0,9760.0,9759.0,9758.0,9757.0,9762.0,9763.0,9764.0,9765.0,9766.0,195,165,8,7,3,8,30,25,24,36,9761.0,3285,320849910.0,39.0,3807190.0,-0.5530019999987417,EsunnyL2,20210125
139,20210125,OI0001,664664427069894027,664664427000000000,9761.0,9760.0,9759.0,9758.0,9757.0,9762.0,9763.0,9764.0,9765.0,9766.0,192,166,8,7,3,13,30,26,24,33,9761.0,3289,321240360.0,4.0,390450.0,-0.322109000000637,EsunnyL2,20210125
140,20210125,OI0001,664664427320119028,664664427250000000,9761.0,9760.0,9759.0,9758.0,9757.0,9762.0,9763.0,9764.0,9765.0,9766.0,188,166,8,7,3,2,30,26,22,33,9761.0,3305,322802230.0,0.0,322802230.0,-0.030972999998994055,EsunnyL2,20210125
142,20210125,OI0001,664664427570036255,664664427500000000,9762.0,9761.0,9760.0,9759.0,9758.0,9763.0,9764.0,9765.0,9766.0,9767.0,1,182,166,8,7,30,26,22,33,16,9761.0,3314,323680760.0,0.0,323680760.0,0.06467899999915971,EsunnyL2,20210125
144,20210125,OI0001,664664427820132227,664664427750000000,9762.0,9761.0,9760.0,9759.0,9758.0,9763.0,9764.0,9765.0,9766.0,9767.0,14,183,166,8,7,30,26,22,33,16,9762.0,3329,325145060.0,0.0,325145060.0,0.3301809999993566,EsunnyL2,20210125
146,20210125,OI0001,664664428070261325,664664428000000000,9762.0,9761.0,9760.0,9759.0,9758.0,9764.0,9765.0,9766.0,9767.0,9768.0,1,183,166,8,7,13,22,33,16,35,9762.0,3376,329733500.0,47.0,4588440.0,0.10453200000119978,EsunnyL2,20210125
147,20210125,OI0001,664664428320384224,664664428250000000,9762.0,9761.0,9760.0,9759.0,9758.0,9763.0,9764.0,9765.0,9766.0,9767.0,11,183,166,8,7,1,13,22,34,16,9762.0,3389,331002610.0,13.0,1269110.0,0.18197700000018813,EsunnyL2,20210125
149,20210125,OI0001,664664428570533280,664664428500000000,9762.0,9761.0,9760.0,9759.0,9758.0,9764.0,9765.0,9766.0,9767.0,9768.0,13,183,166,8,8,11,22,34,16,35,9764.0,3401,332174120.0,0.0,332174120.0,0.07151800000065123,EsunnyL2,20210125
150,20210125,OI0001,664664428820562185,664664428750000000,9762.0,9761.0,9760.0,9759.0,9758.0,9764.0,9765.0,9766.0,9767.0,9768.0,18,183,166,8,8,11,22,34,16,35,9763.0,3402,332271750.0,0.0,332271750.0,0.20135800000025483,EsunnyL2,20210125
152,20210125,OI0001,664664429070688533,664664429000000000,9763.0,9765.0,9764.0,9763.0,9762.0,9764.0,9769.0,9770.0,9771.0,9772.0,2,36,22,11,14,11,16,60,7,26,9763.0,3402,0.0,0.0,-332271750.0,-0.03422800000043935,EFH_SF,20210125
153,20210125,OI0001,664664429320841371,664664429250000000,9763.0,9762.0,9761.0,9760.0,9759.0,9764.0,9765.0,9766.0,9767.0,9768.0,3,18,183,166,8,11,22,33,16,35,9763.0,3404,332467010.0,2.0,332467010.0,0.05970299999898998,EsunnyL2,20210125
154,20210125,OI0001,664664429570982862,664664429500000000,9763.0,9762.0,9761.0,9760.0,9759.0,9764.0,9765.0,9766.0,9767.0,9768.0,79,16,183,167,8,10,22,29,16,35,9764.0,3406,332662280.0,2.0,195270.0,0.45767200000045705,EsunnyL2,20210125
155,20210125,OI0001,664664429821081435,664664429750000000,9764.0,9763.0,9762.0,9761.0,9760.0,9766.0,9767.0,9768.0,9769.0,9770.0,22,82,16,183,167,30,16,35,11,37,9764.0,3445,336470460.0,0.0,336470460.0,0.32692800000040734,EsunnyL2,20210125
157,20210125,OI0001,664664430071153431,664664430000000000,9765.0,9764.0,9763.0,9762.0,9761.0,9766.0,9767.0,9768.0,9769.0,9770.0,2,101,6,16,183,30,18,39,11,37,9764.0,3446,336568100.0,1.0,97640.0,0.0035219999990658835,EsunnyL2,20210125
159,20210125,OI0001,664664430321288499,664664430250000000,9764.0,9763.0,9762.0,9761.0,9760.0,9766.0,9767.0,9768.0,9769.0,9770.0,104,6,20,184,167,22,18,40,11,37,9765.0,3459,337837640.0,0.0,337837640.0,0.12339299999985087,EsunnyL2,20210125
161,20210125,OI0001,664664430571436106,664664430500000000,9766.0,9765.0,9764.0,9763.0,9762.0,9767.0,9768.0,9769.0,9770.0,9771.0,10,3,94,6,20,21,40,12,37,8,9766.0,3507,342525030.0,0.0,-3660.0,0.013017999999647145,EsunnyL2,20210125
163,20210125,OI0001,664664430821494148,664664430750000000,9765.0,9764.0,9763.0,9762.0,9761.0,9767.0,9768.0,9769.0,9770.0,9771.0,4,92,6,19,182,21,40,12,37,8,9766.0,3519,343696950.0,0.0,343696950.0,0.13029400000050373,EsunnyL2,20210125
164,20210125,OI0001,664664431071530231,664664431000000000,9765.0,9765.0,9764.0,9763.0,9762.0,9766.0,9768.0,9769.0,9770.0,9771.0,82,35,22,16,14,4,19,46,59,7,9766.0,3519,343700730.0,0.0,3780.0,-0.22642699999960314,EFH_SF,20210125
165,20210125,OI0001,664664431321821962,664664431250000000,9765.0,9764.0,9763.0,9762.0,9761.0,9766.0,9767.0,9768.0,9769.0,9770.0,75,16,9,19,182,1,30,41,20,37,9765.0,3545,346236020.0,0.0,346236020.0,-0.7037990000007994,EsunnyL2,20210125
168,20210125,OI0001,664664431571892056,664664431500000000,9765.0,9764.0,9763.0,9762.0,9761.0,9766.0,9767.0,9768.0,9769.0,9770.0,78,17,8,20,182,6,30,41,20,37,9765.0,3553,347017240.0,0.0,347017240.0,0.04098900000099093,EsunnyL2,20210125
169,20210125,OI0001,664664431821998269,664664431750000000,9766.0,9765.0,9764.0,9763.0,9762.0,9767.0,9768.0,9769.0,9770.0,9771.0,3,77,17,8,20,30,41,20,37,8,9766.0,3561,347798520.0,0.0,347798520.0,-0.021871000000828644,EsunnyL2,20210125
171,20210125,OI0001,664664432071933713,664664432000000000,9766.0,9764.0,9763.0,9762.0,9761.0,9767.0,9767.0,9768.0,9769.0,9770.0,66,22,20,14,204,30,11,23,46,62,9766.0,3571,0.0,10.0,-347798520.0,0.44938100000035774,EFH_SF,20210125
173,20210125,OI0001,664664432572329433,664664432500000000,9767.0,9766.0,9765.0,9764.0,9763.0,9768.0,9769.0,9770.0,9771.0,9772.0,7,87,6,15,8,37,24,34,8,25,9767.0,3633,354830700.0,21.0,354830700.0,0.389048000000912,EsunnyL2,20210125
174,20210125,OI0001,664664432822513613,664664432750000000,9766.0,9765.0,9764.0,9763.0,9762.0,9768.0,9769.0,9770.0,9771.0,9772.0,80,6,12,8,17,37,24,34,8,25,9766.0,3660,357467720.0,0.0,357467720.0,-0.2850319999997737,EsunnyL2,20210125
176,20210125,OI0001,664664433072618026,664664433000000000,9767.0,9766.0,9765.0,9764.0,9763.0,9768.0,9769.0,9770.0,9771.0,9772.0,1,80,6,11,7,11,39,34,8,25,9767.0,3704,361765570.0,44.0,4297850.0,0.37420399999973597,EsunnyL2,20210125
177,20210125,OI0001,664664433322856209,664664433250000000,9766.0,9765.0,9764.0,9763.0,9762.0,9768.0,9769.0,9770.0,9771.0,9772.0,72,6,11,7,17,13,40,34,8,25,9766.0,3726,363914230.0,0.0,363914230.0,-0.20130500000050233,EsunnyL2,20210125
179,20210125,OI0001,664664433572919606,664664433500000000,9766.0,9765.0,9764.0,9763.0,9762.0,9768.0,9769.0,9770.0,9771.0,9772.0,55,6,11,7,20,22,41,34,8,25,9768.0,3740,365281640.0,14.0,1367410.0,-0.24106700000083947,EsunnyL2,20210125
181,20210125,OI0001,664664433823261975,664664433750000000,9766.0,9765.0,9764.0,9763.0,9762.0,9767.0,9768.0,9769.0,9770.0,9771.0,54,6,11,7,23,4,22,41,34,8,9766.0,3742,365476970.0,0.0,365476970.0,0.11950400000023365,EsunnyL2,20210125
182,20210125,OI0001,664664434073083422,664664434000000000,9766.0,9765.0,9764.0,9763.0,9762.0,9767.0,9768.0,9769.0,9770.0,9771.0,1,6,11,7,23,20,22,41,34,8,9767.0,3800,371141290.0,58.0,5664320.0,-0.3326679999991029,EsunnyL2,20210125
184,20210125,OI0001,664664434323286551,664664434250000000,9765.0,9764.0,9763.0,9762.0,9761.0,9766.0,9767.0,9768.0,9769.0,9770.0,6,11,7,25,182,47,20,22,40,34,9766.0,3808,371922550.0,0.0,371922550.0,-0.058554999999614665,EsunnyL2,20210125
185,20210125,OI0001,664664434573278359,664664434500000000,9764.0,9763.0,9762.0,9761.0,9760.0,9765.0,9766.0,9767.0,9768.0,9769.0,9,7,25,182,171,1,43,21,17,40,9764.0,3823,373387270.0,15.0,1464720.0,0.20905999999922642,EsunnyL2,20210125
186,20210125,OI0001,664664434823365439,664664434750000000,9765.0,9764.0,9763.0,9762.0,9761.0,9766.0,9767.0,9768.0,9769.0,9770.0,3,14,9,25,182,43,21,17,40,35,9766.0,3825,373582580.0,2.0,195310.0,0.18483999999989464,EsunnyL2,20210125
187,20210125,OI0001,664664435073356844,664664435000000000,9765.0,9762.0,9761.0,9760.0,9759.0,9766.0,9765.0,9766.0,9767.0,9768.0,17,15,204,164,9,38,85,6,21,28,9766.0,3832,0.0,7.0,-373582580.0,0.31077000000004773,EFH_SF,20210125
189,20210125,OI0001,664664435323670406,664664435250000000,9765.0,9764.0,9763.0,9762.0,9761.0,9766.0,9767.0,9768.0,9769.0,9770.0,13,14,9,25,182,38,22,17,40,35,9765.0,3836,374656780.0,0.0,-5340.0,-0.009896999999909895,EsunnyL2,20210125
190,20210125,OI0001,664664435573694364,664664435500000000,9764.0,9763.0,9762.0,9761.0,9760.0,9765.0,9766.0,9767.0,9768.0,9769.0,14,9,25,182,171,12,14,22,17,40,9765.0,3853,376316820.0,17.0,1660040.0,0.1391170000006241,EsunnyL2,20210125
191,20210125,OI0001,664664435823920311,664664435750000000,9765.0,9764.0,9763.0,9762.0,9761.0,9766.0,9767.0,9768.0,9769.0,9770.0,4,14,9,25,182,3,22,19,40,35,9766.0,3876,378562880.0,0.0,-6040.0,0.575553000000582,EsunnyL2,20210125
193,20210125,OI0001,664664436073801809,664664436000000000,9765.0,0.0,0.0,0.0,0.0,9767.0,0.0,0.0,0.0,0.0,18,0,0,0,0,23,0,0,0,0,9766.0,3883,0.0,7.0,-378562880.0,0.3332030000001396,EFH_SF,20210125
194,20210125,OI0001,664664436324089344,664664436250000000,9766.0,9765.0,9764.0,9763.0,9762.0,9767.0,9768.0,9769.0,9770.0,9771.0,2,18,14,10,26,29,19,40,35,8,9766.0,3883,379246500.0,0.0,379246500.0,0.07348699999965902,EsunnyL2,20210125
196,20210125,OI0001,664664436574176482,664664436500000000,9765.0,9764.0,9763.0,9762.0,9761.0,9767.0,9768.0,9769.0,9770.0,9771.0,21,14,10,26,182,30,20,40,35,8,9766.0,3886,379539480.0,3.0,292980.0,0.08705399999962538,EsunnyL2,20210125
197,20210125,OI0001,664664436824279978,664664436750000000,9766.0,9765.0,9764.0,9763.0,9762.0,9767.0,9768.0,9769.0,9770.0,9771.0,1,23,14,10,26,30,20,40,36,9,9766.0,3886,379539480.0,0.0,379539480.0,-0.22030500000073516,EsunnyL2,20210125
199,20210125,OI0001,664664437074402194,664664437000000000,9766.0,9770.0,9769.0,9768.0,9767.0,9767.0,9775.0,9776.0,9777.0,9778.0,1,68,2,6,11,30,206,14,2,3,9765.0,3890,0.0,4.0,-379539480.0,-0.1685570000008738,EFH_SF,20210125
200,20210125,OI0001,664664437324579972,664664437250000000,9765.0,9764.0,9763.0,9762.0,9761.0,9766.0,9767.0,9768.0,9769.0,9770.0,18,14,10,26,182,2,33,20,40,36,9765.0,3900,380906610.0,0.0,380906610.0,-0.13447699999960605,EsunnyL2,20210125
203,20210125,OI0001,664664437574654772,664664437500000000,9765.0,9764.0,9763.0,9762.0,9761.0,9766.0,9767.0,9768.0,9769.0,9770.0,19,14,11,26,182,6,34,21,41,36,9765.0,3907,381590210.0,0.0,381590210.0,-0.007778999999572989,EsunnyL2,20210125
204,20210125,OI0001,664664437824707854,664664437750000000,9765.0,9764.0,9763.0,9762.0,9761.0,9767.0,9768.0,9769.0,9770.0,9771.0,13,14,11,26,182,35,21,41,36,9,9765.0,3920,382859720.0,0.0,-6680.0,0.15871599999991304,EsunnyL2,20210125
206,20210125,OI0001,664664438074740073,664664438000000000,9766.0,0.0,0.0,0.0,0.0,9767.0,0.0,0.0,0.0,0.0,4,0,0,0,0,33,0,0,0,0,9767.0,3925,0.0,5.0,-382859720.0,0.18586099999993166,EFH_SF,20210125
207,20210125,OI0001,664664438324931095,664664438250000000,9766.0,9765.0,9764.0,9763.0,9762.0,9768.0,9769.0,9770.0,9771.0,9772.0,1,14,14,11,26,21,41,36,8,21,9766.0,3965,387254770.0,0.0,-6780.0,0.1976039999990462,EsunnyL2,20210125
210,20210125,OI0001,664664438575042597,664664438500000000,9766.0,9765.0,9764.0,9763.0,9762.0,9767.0,9768.0,9769.0,9770.0,9771.0,8,14,14,11,26,3,24,41,36,18,9766.0,3977,388426730.0,0.0,-6860.0,0.12774499999977706,EsunnyL2,20210125
212,20210125,OI0001,664664438825088178,664664438750000000,9766.0,9765.0,9764.0,9763.0,9762.0,9767.0,9768.0,9769.0,9770.0,9771.0,7,14,14,11,26,7,24,41,36,18,9766.0,3978,388524390.0,0.0,388524390.0,0.06488199999876088,EsunnyL2,20210125
213,20210125,OI0001,664664439075140545,664664439000000000,9766.0,9765.0,9764.0,9763.0,9762.0,9767.0,9768.0,9769.0,9770.0,9771.0,6,35,8,18,14,7,24,28,26,6,9766.0,3979,0.0,1.0,-388524390.0,-0.05659100000048056,EFH_SF,20210125
215,20210125,OI0001,664664439325465780,664664439250000000,9766.0,9765.0,9764.0,9763.0,9762.0,9767.0,9768.0,9769.0,9770.0,9771.0,4,14,16,12,26,6,24,41,36,18,9767.0,3982,388915040.0,0.0,388915040.0,-0.22412100000110513,EsunnyL2,20210125
216,20210125,OI0001,664664439575449358,664664439500000000,9765.0,9764.0,9763.0,9762.0,9761.0,9767.0,9768.0,9769.0,9770.0,9771.0,14,16,12,26,182,8,24,40,36,18,9766.0,3990,389696330.0,8.0,781290.0,-0.21839800000088871,EsunnyL2,20210125
217,20210125,OI0001,664664439825599072,664664439750000000,9765.0,9764.0,9763.0,9762.0,9761.0,9766.0,9767.0,9768.0,9769.0,9770.0,13,16,12,26,182,10,10,24,40,36,9766.0,3992,389891640.0,2.0,195310.0,-0.2601300000005722,EsunnyL2,20210125
218,20210125,OI0001,664664440075688897,664664440000000000,9765.0,9765.0,9764.0,9763.0,9762.0,9766.0,9768.0,9769.0,9770.0,9771.0,14,35,8,18,11,17,24,30,26,6,9766.0,3997,0.0,5.0,-389891640.0,-0.2861690000008821,EFH_SF,20210125
219,20210125,OI0001,664664440325793160,664664440250000000,9765.0,9764.0,9763.0,9762.0,9761.0,9767.0,9768.0,9769.0,9770.0,9771.0,4,16,12,25,182,11,24,40,36,18,9765.0,4024,393016660.0,0.0,393016660.0,-0.025032999999893946,EsunnyL2,20210125
221,20210125,OI0001,664664440576156526,664664440500000000,9765.0,9764.0,9763.0,9762.0,9761.0,9766.0,9767.0,9768.0,9769.0,9770.0,7,16,12,25,182,2,13,23,40,36,9765.0,4031,393700220.0,0.0,393700220.0,0.16217199999846343,EsunnyL2,20210125
223,20210125,OI0001,664664440826037562,664664440750000000,9765.0,9764.0,9763.0,9762.0,9761.0,9766.0,9767.0,9768.0,9769.0,9770.0,11,16,12,25,182,1,13,23,40,36,9766.0,4034,393993200.0,0.0,393993200.0,0.3217179999992368,EsunnyL2,20210125
225,20210125,OI0001,664664441076096093,664664441000000000,9766.0,9763.0,9762.0,9761.0,9760.0,9767.0,9767.0,9768.0,9769.0,9770.0,18,18,11,209,165,13,13,32,31,26,9766.0,4046,0.0,12.0,-393993200.0,0.3336039999994682,EFH_SF,20210125
227,20210125,OI0001,664664441326322381,664664441250000000,9766.0,9765.0,9764.0,9763.0,9762.0,9768.0,9769.0,9770.0,9771.0,9772.0,24,16,16,12,23,23,40,36,18,20,9767.0,4059,396434830.0,0.0,396434830.0,0.32986199999868404,EsunnyL2,20210125
228,20210125,OI0001,664664441576489045,664664441500000000,9766.0,9765.0,9764.0,9763.0,9762.0,9767.0,9768.0,9769.0,9770.0,9771.0,3,16,16,12,23,1,25,40,36,18,9766.0,4086,399071700.0,0.0,399071700.0,0.04255099999863887,EsunnyL2,20210125
230,20210125,OI0001,664664441826594398,664664441750000000,9765.0,9764.0,9763.0,9762.0,9761.0,9766.0,9767.0,9768.0,9769.0,9770.0,1,16,12,23,182,2,14,25,40,36,9766.0,4110,401415370.0,24.0,2343670.0,-0.16259700000045996,EsunnyL2,20210125
231,20210125,OI0001,664664442076672257,664664442000000000,9765.0,9764.0,9763.0,9762.0,9761.0,9766.0,9767.0,9768.0,9769.0,9770.0,1,16,12,22,182,17,18,29,38,36,9765.0,4117,402098940.0,7.0,683570.0,-0.04842899999857764,EsunnyL2,20210125
232,20210125,OI0001,664664442326892837,664664442250000000,9764.0,9763.0,9762.0,9761.0,9760.0,9765.0,9766.0,9767.0,9768.0,9769.0,17,12,22,182,203,14,19,19,30,38,9765.0,4120,402391890.0,0.0,402391890.0,-0.05503900000076101,EsunnyL2,20210125
235,20210125,OI0001,664664442577045092,664664442500000000,9764.0,9763.0,9762.0,9761.0,9760.0,9765.0,9766.0,9767.0,9768.0,9769.0,2,12,22,182,203,3,19,19,30,30,9764.0,4154,405711830.0,0.0,405711830.0,-0.08172999999987951,EsunnyL2,20210125
237,20210125,OI0001,664664442826982889,664664442750000000,9765.0,9764.0,9763.0,9762.0,9761.0,9766.0,9767.0,9768.0,9769.0,9770.0,46,12,12,18,183,20,21,30,30,47,9765.0,4168,407078930.0,0.0,407078930.0,-0.006413000000975444,EsunnyL2,20210125
238,20210125,OI0001,664664443077089805,664664443000000000,9765.0,0.0,0.0,0.0,0.0,9766.0,0.0,0.0,0.0,0.0,48,0,0,0,0,19,0,0,0,0,9766.0,4174,0.0,6.0,-407078930.0,0.18519999999989523,EFH_SF,20210125
239,20210125,OI0001,664664443327175776,664664443250000000,9765.0,9764.0,9763.0,9762.0,9761.0,9766.0,9767.0,9768.0,9769.0,9770.0,49,13,12,17,183,5,21,30,30,47,9766.0,4193,409520430.0,0.0,409520430.0,0.37668500000108907,EsunnyL2,20210125
242,20210125,OI0001,664664443577435739,664664443500000000,9765.0,9764.0,9763.0,9762.0,9761.0,9766.0,9767.0,9768.0,9769.0,9770.0,50,13,12,17,183,1,21,31,30,47,9766.0,4201,410301710.0,0.0,410301710.0,0.3861539999998058,EsunnyL2,20210125
243,20210125,OI0001,664664443827389300,664664443750000000,9765.0,9764.0,9763.0,9762.0,9761.0,9766.0,9767.0,9768.0,9769.0,9770.0,51,15,12,17,182,1,22,31,30,47,9766.0,4206,410790020.0,0.0,410790020.0,0.29713900000024296,EsunnyL2,20210125
245,20210125,OI0001,664664444077478317,664664444000000000,9765.0,9764.0,9763.0,9762.0,9761.0,9766.0,9767.0,9768.0,9769.0,9770.0,51,15,12,17,182,16,22,31,30,47,9766.0,4210,411180660.0,4.0,390640.0,0.0728980000003503,EsunnyL2,20210125
246,20210125,OI0001,664664444327674311,664664444250000000,9765.0,9764.0,9763.0,9762.0,9761.0,9766.0,9767.0,9768.0,9769.0,9770.0,48,15,12,17,182,16,22,31,30,47,9765.0,4213,411473610.0,0.0,411473610.0,0.10010499999953026,EsunnyL2,20210125
248,20210125,OI0001,664664444577778471,664664444500000000,9765.0,9764.0,9763.0,9762.0,9761.0,9766.0,9767.0,9768.0,9769.0,9770.0,48,16,11,17,182,12,22,31,30,47,9766.0,4220,412157230.0,0.0,412157230.0,0.304323000000295,EsunnyL2,20210125
251,20210125,OI0001,664664444827883259,664664444750000000,9765.0,9764.0,9763.0,9762.0,9761.0,9766.0,9767.0,9768.0,9769.0,9770.0,25,16,12,17,182,2,22,31,30,47,9765.0,4255,415575100.0,0.0,415575100.0,-0.08466500000031374,EsunnyL2,20210125
252,20210125,OI0001,664664445077972235,664664445000000000,9765.0,9764.0,9763.0,9762.0,9761.0,9766.0,9767.0,9768.0,9769.0,9770.0,26,16,12,18,182,1,22,31,30,47,9766.0,4262,416258720.0,7.0,683620.0,0.1187659999995958,EsunnyL2,20210125
253,20210125,OI0001,664664445328182883,664664445250000000,9765.0,9764.0,9763.0,9762.0,9761.0,9766.0,9767.0,9768.0,9769.0,9770.0,16,16,12,18,182,1,22,31,30,47,9765.0,4275,417528200.0,0.0,417528200.0,-0.0651930000003631,EsunnyL2,20210125
256,20210125,OI0001,664664445578242201,664664445500000000,9765.0,9764.0,9763.0,9762.0,9761.0,9766.0,9767.0,9768.0,9769.0,9770.0,12,16,12,18,182,1,22,31,30,47,9766.0,4281,418114110.0,0.0,418114110.0,-0.22263099999872793,EsunnyL2,20210125
258,20210125,OI0001,664664445828262122,664664445750000000,9764.0,9763.0,9762.0,9761.0,9760.0,9765.0,9766.0,9767.0,9768.0,9769.0,16,12,18,182,202,9,6,22,31,30,9765.0,4294,419383560.0,0.0,419383560.0,0.3298500000000786,EsunnyL2,20210125
259,20210125,OI0001,664664446078416236,664664446000000000,9764.0,9765.0,9764.0,9763.0,9762.0,9765.0,9768.0,9769.0,9770.0,9771.0,17,3,94,6,20,8,40,12,37,8,9765.0,4301,0.0,7.0,-419383560.0,0.2773109999998269,EFH_SF,20210125
260,20210125,OI0001,664664446328487188,664664446250000000,9764.0,9763.0,9762.0,9761.0,9760.0,9765.0,9766.0,9767.0,9768.0,9769.0,8,12,18,182,202,11,9,22,33,30,9764.0,4310,420945870.0,0.0,420945870.0,0.13384399999995367,EsunnyL2,20210125
263,20210125,OI0001,664664446828710342,664664446750000000,9764.0,9763.0,9762.0,9761.0,9760.0,9765.0,9766.0,9767.0,9768.0,9769.0,15,12,18,182,202,14,10,22,32,30,9764.0,4314,421336430.0,0.0,421336430.0,0.18260499999996682,EsunnyL2,20210125
265,20210125,OI0001,664664447078788045,664664447000000000,9764.0,9764.0,9763.0,9762.0,9761.0,9765.0,9767.0,9768.0,9769.0,9770.0,15,17,8,20,182,17,30,41,20,37,9765.0,4315,0.0,1.0,-421336430.0,0.04409699999996519,EFH_SF,20210125
266,20210125,OI0001,664664447328948082,664664447250000000,9764.0,9763.0,9762.0,9761.0,9760.0,9765.0,9766.0,9767.0,9768.0,9769.0,2,12,15,182,202,12,11,23,32,30,9764.0,4336,423484570.0,0.0,423484570.0,0.09955499999887252,EsunnyL2,20210125
269,20210125,OI0001,664664447579079079,664664447500000000,9764.0,9763.0,9762.0,9761.0,9760.0,9765.0,9766.0,9767.0,9768.0,9769.0,5,12,15,182,207,12,13,23,32,30,9764.0,4337,423582210.0,0.0,-12580.0,0.1450059999988298,EsunnyL2,20210125
270,20210125,OI0001,664664447829135438,664664447750000000,9763.0,9762.0,9761.0,9760.0,9759.0,9765.0,9766.0,9767.0,9768.0,9769.0,13,15,182,207,8,13,13,23,32,30,9764.0,4344,424265700.0,7.0,683490.0,0.13483400000041001,EsunnyL2,20210125
271,20210125,OI0001,664664448079182759,664664448000000000,9764.0,9766.0,9765.0,9764.0,9763.0,9765.0,9769.0,9770.0,9771.0,9772.0,2,87,6,15,8,13,24,34,8,25,9764.0,4344,0.0,0.0,-424265700.0,0.2653219999992871,EFH_SF,20210125
272,20210125,OI0001,664664448329332551,664664448250000000,9763.0,9762.0,9761.0,9760.0,9759.0,9764.0,9765.0,9766.0,9767.0,9768.0,9,13,182,207,8,1,13,13,23,31,9763.0,4354,425242050.0,10.0,425242050.0,0.12163200000031793,EsunnyL2,20210125
273,20210125,OI0001,664664448579551243,664664448500000000,9763.0,9762.0,9761.0,9760.0,9759.0,9765.0,9766.0,9767.0,9768.0,9769.0,6,13,182,207,8,13,13,23,26,30,9764.0,4367,426511320.0,0.0,426511320.0,-0.27610900000036054,EsunnyL2,20210125
276,20210125,OI0001,664664448829608355,664664448750000000,9763.0,9762.0,9761.0,9760.0,9759.0,9765.0,9766.0,9767.0,9768.0,9769.0,8,13,182,207,8,13,13,23,26,30,9764.0,4374,427194800.0,0.0,-13780.0,-0.1027539999995497,EsunnyL2,20210125
277,20210125,OI0001,664664449079605268,664664449000000000,9763.0,9765.0,9764.0,9763.0,9762.0,9764.0,9769.0,9770.0,9771.0,9772.0,1,6,11,7,20,4,41,34,8,25,9763.0,4382,0.0,8.0,-427194800.0,0.010784000000057858,EFH_SF,20210125
279,20210125,OI0001,664664449329769958,664664449250000000,9762.0,9761.0,9760.0,9759.0,9758.0,9763.0,9764.0,9765.0,9766.0,9767.0,14,182,207,8,8,2,4,14,13,23,9763.0,4385,428268730.0,0.0,428268730.0,0.22756699999990815,EsunnyL2,20210125
280,20210125,OI0001,664664449579898514,664664449500000000,9763.0,9762.0,9761.0,9760.0,9759.0,9764.0,9765.0,9766.0,9767.0,9768.0,6,20,182,207,8,2,17,14,20,24,9764.0,4394,429147470.0,0.0,429147470.0,0.4430590000010852,EsunnyL2,20210125
282,20210125,OI0001,664664449829974274,664664449750000000,9765.0,9764.0,9763.0,9762.0,9761.0,9766.0,9767.0,9768.0,9769.0,9770.0,59,5,8,20,182,14,20,24,30,46,9765.0,4419,431588690.0,0.0,431588690.0,0.5122469999987516,EsunnyL2,20210125
284,20210125,OI0001,664664450079917722,664664450000000000,9765.0,9764.0,9763.0,9762.0,9761.0,9767.0,9767.0,9768.0,9769.0,9770.0,39,14,9,25,182,21,21,17,40,35,9765.0,4466,0.0,47.0,-431588690.0,-0.5247410000010859,EFH_SF,20210125
285,20210125,OI0001,664664450330109017,664664450250000000,9765.0,9764.0,9763.0,9762.0,9761.0,9766.0,9767.0,9768.0,9769.0,9770.0,31,8,9,20,182,4,20,23,30,46,9765.0,4474,436959620.0,0.0,436959620.0,-0.3524349999988772,EsunnyL2,20210125
287,20210125,OI0001,664664450580393550,664664450500000000,9764.0,9763.0,9762.0,9761.0,9760.0,9766.0,9767.0,9768.0,9769.0,9770.0,9,9,18,183,207,8,20,23,29,46,9764.0,4506,440084410.0,0.0,440084410.0,-0.1476539999985107,EsunnyL2,20210125
290,20210125,OI0001,664664450830577284,664664450750000000,9764.0,9763.0,9762.0,9761.0,9760.0,9766.0,9767.0,9768.0,9769.0,9770.0,10,11,18,183,206,10,20,23,29,46,9764.0,4508,440279690.0,0.0,440279690.0,0.17972399999962363,EsunnyL2,20210125
291,20210125,OI0001,664664451080526655,664664451000000000,9765.0,0.0,0.0,0.0,0.0,9766.0,0.0,0.0,0.0,0.0,1,0,0,0,0,3,0,0,0,0,9765.0,4517,0.0,9.0,-440279690.0,-0.11584200000106648,EFH_SF,20210125
292,20210125,OI0001,664664451330763376,664664451250000000,9765.0,9764.0,9763.0,9762.0,9761.0,9766.0,9767.0,9768.0,9769.0,9770.0,2,10,12,18,183,6,18,22,29,46,9765.0,4520,441451570.0,0.0,441451570.0,0.06157999999959429,EsunnyL2,20210125
295,20210125,OI0001,664664451580817695,664664451500000000,9764.0,9763.0,9762.0,9761.0,9760.0,9766.0,9767.0,9768.0,9769.0,9770.0,10,12,17,183,206,7,18,22,28,46,9765.0,4523,441744520.0,0.0,441744520.0,-0.02713700000094832,EsunnyL2,20210125
297,20210125,OI0001,664664451830956695,664664451750000000,9765.0,9764.0,9763.0,9762.0,9761.0,9766.0,9768.0,9769.0,9770.0,9771.0,4,10,12,17,183,2,22,28,46,19,9766.0,4550,444381530.0,0.0,444381530.0,0.49216399999932037,EsunnyL2,20210125
298,20210125,OI0001,664664452081050252,664664452000000000,9766.0,9765.0,9764.0,9763.0,9762.0,9767.0,9768.0,9769.0,9770.0,9771.0,7,14,9,12,17,3,22,28,46,19,9766.0,4555,444869830.0,5.0,488300.0,0.39874199999940174,EsunnyL2,20210125
299,20210125,OI0001,664664452331208085,664664452250000000,9766.0,9765.0,9764.0,9763.0,9762.0,9768.0,9769.0,9770.0,9771.0,9772.0,3,14,9,12,17,22,24,46,19,22,9766.0,4568,446139450.0,0.0,446139450.0,0.3221450000000914,EsunnyL2,20210125
301,20210125,OI0001,664664452581280439,664664452500000000,9766.0,9765.0,9764.0,9763.0,9762.0,9767.0,9768.0,9769.0,9770.0,9771.0,27,14,9,12,17,6,22,24,46,19,9766.0,4572,446530090.0,0.0,446530090.0,0.07824600000094506,EsunnyL2,20210125
303,20210125,OI0001,664664452831370681,664664452750000000,9766.0,9765.0,9764.0,9763.0,9762.0,9767.0,9768.0,9769.0,9770.0,9771.0,25,18,9,13,17,6,24,24,46,19,9766.0,4574,446725410.0,2.0,195320.0,0.0718990000004851,EsunnyL2,20210125
304,20210125,OI0001,664664453081302460,664664453000000000,9766.0,0.0,0.0,0.0,0.0,9767.0,0.0,0.0,0.0,0.0,26,0,0,0,0,5,0,0,0,0,9766.0,4576,0.0,2.0,-446725410.0,0.1126060000005964,EFH_SF,20210125
305,20210125,OI0001,664664453331559705,664664453250000000,9766.0,9765.0,9764.0,9763.0,9762.0,9768.0,9769.0,9770.0,9771.0,9772.0,17,19,9,13,17,25,24,46,19,22,9766.0,4591,448385690.0,0.0,448385690.0,-0.1573500000013155,EsunnyL2,20210125
308,20210125,OI0001,664664453831852251,664664453750000000,9765.0,9764.0,9763.0,9762.0,9761.0,9766.0,9767.0,9768.0,9769.0,9770.0,17,9,16,17,183,3,11,25,24,46,9766.0,4623,451510700.0,0.0,-17710.0,-0.05025799999930314,EsunnyL2,20210125
310,20210125,OI0001,664664454081725109,664664454000000000,9765.0,9765.0,9764.0,9763.0,9762.0,9766.0,9768.0,9769.0,9770.0,9771.0,16,35,8,18,14,7,24,28,26,6,9766.0,4625,0.0,2.0,-451510700.0,0.042922999999063904,EFH_SF,20210125
311,20210125,OI0001,664664454332025858,664664454250000000,9765.0,9764.0,9763.0,9762.0,9761.0,9766.0,9767.0,9768.0,9769.0,9770.0,11,9,16,17,183,4,14,25,24,46,9766.0,4629,452096650.0,0.0,452096650.0,0.18379800000002433,EsunnyL2,20210125
314,20210125,OI0001,664664454582098442,664664454500000000,9765.0,9764.0,9763.0,9762.0,9761.0,9766.0,9767.0,9768.0,9769.0,9770.0,13,9,16,17,183,4,14,25,24,46,9766.0,4629,452096650.0,0.0,-17780.0,0.16444699999919976,EsunnyL2,20210125
316,20210125,OI0001,664664454832181604,664664454750000000,9765.0,9764.0,9763.0,9762.0,9761.0,9767.0,9768.0,9769.0,9770.0,9771.0,13,9,16,17,183,14,25,24,46,19,9766.0,4634,452584950.0,0.0,452584950.0,0.3055229999990843,EsunnyL2,20210125
317,20210125,OI0001,664664455082326933,664664455000000000,9765.0,9764.0,9763.0,9762.0,9761.0,9767.0,9768.0,9769.0,9770.0,9771.0,13,9,16,17,183,18,25,24,46,19,9766.0,4634,452584950.0,0.0,0.0,0.44518299999981537,EsunnyL2,20210125
320,20210125,OI0001,664664455582553592,664664455500000000,9765.0,9764.0,9763.0,9762.0,9761.0,9767.0,9768.0,9769.0,9770.0,9771.0,13,9,16,17,183,19,26,24,47,19,9765.0,4636,452780250.0,0.0,452780250.0,0.3248670000011771,EsunnyL2,20210125
321,20210125,OI0001,664664455832597111,664664455750000000,9766.0,9765.0,9764.0,9763.0,9762.0,9767.0,9768.0,9769.0,9770.0,9771.0,4,13,9,16,17,19,26,24,47,19,9765.0,4636,452780250.0,0.0,452780250.0,0.3958629999997356,EsunnyL2,20210125
323,20210125,OI0001,664664456082604080,664664456000000000,9766.0,9765.0,9764.0,9763.0,9762.0,9767.0,9769.0,9770.0,9771.0,9772.0,1,16,16,12,23,19,40,36,18,20,9765.0,4639,453091130.0,3.0,310880.0,-0.11329999999907159,EFH_SF,20210125
324,20210125,OI0001,664664456332714151,664664456250000000,9765.0,9764.0,9763.0,9762.0,9761.0,9767.0,9768.0,9769.0,9770.0,9771.0,13,10,16,17,183,19,20,16,47,19,9767.0,4646,453756830.0,0.0,453756830.0,-0.3258590000004915,EsunnyL2,20210125
326,20210125,OI0001,664664456582904473,664664456500000000,9766.0,9765.0,9764.0,9763.0,9762.0,9767.0,9768.0,9769.0,9770.0,9771.0,2,13,10,13,17,22,20,15,47,19,9766.0,4648,453952150.0,0.0,453952150.0,-0.12170399999922665,EsunnyL2,20210125
328,20210125,OI0001,664664456832948798,664664456750000000,9765.0,9764.0,9763.0,9762.0,9761.0,9766.0,9767.0,9768.0,9769.0,9770.0,10,10,15,17,183,3,22,20,15,47,9765.0,4655,454635740.0,7.0,683590.0,-0.0739770000000135,EsunnyL2,20210125
329,20210125,OI0001,664664457082937613,664664457000000000,9765.0,9763.0,9762.0,9761.0,9760.0,9767.0,9766.0,9767.0,9768.0,9769.0,9,12,22,182,203,22,19,19,30,38,9765.0,4660,0.0,5.0,-454635740.0,-0.0635149999998248,EFH_SF,20210125
331,20210125,OI0001,664664457333206148,664664457250000000,9764.0,9763.0,9762.0,9761.0,9760.0,9766.0,9767.0,9768.0,9769.0,9770.0,11,15,17,184,208,2,22,20,15,47,9765.0,4669,456002880.0,0.0,456002880.0,0.0019530000008671777,EsunnyL2,20210125
333,20210125,OI0001,664664457583286841,664664457500000000,9767.0,9766.0,9765.0,9764.0,9763.0,9768.0,9769.0,9770.0,9771.0,9772.0,40,4,9,12,15,20,15,47,19,23,9767.0,4711,460104900.0,0.0,460104900.0,0.3325430000004417,EsunnyL2,20210125
334,20210125,OI0001,664664457833423509,664664457750000000,9767.0,9766.0,9765.0,9764.0,9763.0,9769.0,9770.0,9771.0,9772.0,9773.0,30,5,22,13,15,15,47,19,23,7,9767.0,4744,463328220.0,33.0,3223320.0,-0.6347969999987981,EsunnyL2,20210125
335,20210125,OI0001,664664458083455214,664664458000000000,9767.0,9760.0,9759.0,9758.0,9757.0,9768.0,9763.0,9764.0,9765.0,9766.0,29,166,8,7,3,2,30,26,22,33,9768.0,4746,0.0,2.0,-463328220.0,-0.16631199999937962,EFH_SF,20210125
336,20210125,OI0001,664664458333601202,664664458250000000,9767.0,9766.0,9765.0,9764.0,9763.0,9769.0,9770.0,9771.0,9772.0,9773.0,27,5,13,13,16,21,47,19,23,7,9768.0,4754,464305000.0,0.0,464305000.0,-0.2475479999993695,EsunnyL2,20210125
339,20210125,OI0001,664664458583684070,664664458500000000,9767.0,9766.0,9765.0,9764.0,9763.0,9769.0,9770.0,9771.0,9772.0,9773.0,27,5,13,13,16,21,47,19,23,7,9767.0,4755,464402670.0,0.0,-18180.0,0.15046499999880325,EsunnyL2,20210125
340,20210125,OI0001,664664458833792334,664664458750000000,9768.0,9767.0,9766.0,9765.0,9764.0,9769.0,9770.0,9771.0,9772.0,9773.0,1,26,5,13,13,21,47,19,23,7,9767.0,4755,464402670.0,0.0,0.0,-0.11916500000006636,EsunnyL2,20210125
341,20210125,OI0001,664664459084028516,664664459000000000,9768.0,9764.0,9763.0,9762.0,9761.0,9770.0,9767.0,9768.0,9769.0,9770.0,6,15,12,17,182,47,22,31,30,47,9769.0,4776,466471920.0,21.0,2069250.0,0.11558100000002014,EFH_SF,20210125
342,20210125,OI0001,664664459333980383,664664459250000000,9768.0,9767.0,9766.0,9765.0,9764.0,9769.0,9770.0,9771.0,9772.0,9773.0,9,26,6,13,13,1,1,19,23,18,9769.0,4834,472120640.0,0.0,472120640.0,0.3552459999991697,EsunnyL2,20210125
345,20210125,OI0001,664664459584078534,664664459500000000,9769.0,9768.0,9767.0,9766.0,9765.0,9770.0,9771.0,9772.0,9773.0,9774.0,25,17,26,6,11,4,19,24,18,8,9769.0,4852,473879060.0,0.0,473879060.0,0.5021629999992001,EsunnyL2,20210125
346,20210125,OI0001,664664459834160382,664664459750000000,9769.0,9768.0,9767.0,9766.0,9765.0,9770.0,9771.0,9772.0,9773.0,9774.0,22,17,27,6,11,3,19,24,18,8,9770.0,4858,474465210.0,6.0,586150.0,0.04246899999998277,EsunnyL2,20210125
347,20210125,OI0001,664664460084120245,664664460000000000,9769.0,9764.0,9763.0,9762.0,9761.0,9770.0,9767.0,9768.0,9769.0,9770.0,7,16,12,17,182,6,22,31,30,47,9770.0,4897,478289990.0,39.0,3824780.0,-0.2514360000004672,EFH_SF,20210125
348,20210125,OI0001,664664460334412383,664664460250000000,9768.0,9767.0,9766.0,9765.0,9764.0,9769.0,9770.0,9771.0,9772.0,9773.0,11,27,6,11,9,12,6,20,24,18,9769.0,4912,479740610.0,15.0,1450620.0,0.034359999999651336,EsunnyL2,20210125
351,20210125,OI0001,664664460834660728,664664460750000000,9769.0,9768.0,9767.0,9766.0,9765.0,9770.0,9771.0,9772.0,9773.0,9774.0,9,12,27,6,11,9,20,24,18,8,9770.0,4944,482866710.0,2.0,195400.0,0.6823870000007446,EsunnyL2,20210125
352,20210125,OI0001,664664461084758822,664664461000000000,9769.0,9764.0,9763.0,9762.0,9761.0,9770.0,9767.0,9768.0,9769.0,9770.0,7,16,12,18,182,18,22,31,30,47,9770.0,4947,0.0,3.0,-482866710.0,0.04731799999899522,EFH_SF,20210125
353,20210125,OI0001,664664461335470569,664664461250000000,9768.0,9767.0,9766.0,9765.0,9764.0,9769.0,9770.0,9771.0,9772.0,9773.0,12,27,6,11,9,4,22,20,24,18,9769.0,4957,484136690.0,10.0,484136690.0,0.06123500000103377,EsunnyL2,20210125
355,20210125,OI0001,664664461584977906,664664461500000000,9768.0,9767.0,9766.0,9765.0,9764.0,9769.0,9770.0,9771.0,9772.0,9773.0,1,27,6,11,9,6,21,20,24,18,9768.0,4986,486969620.0,0.0,486969620.0,-0.41675300000133575,EsunnyL2,20210125
356,20210125,OI0001,664664461835122697,664664461750000000,9767.0,9766.0,9765.0,9764.0,9763.0,9769.0,9770.0,9771.0,9772.0,9773.0,27,6,11,9,16,11,21,20,24,18,9769.0,4997,488044160.0,0.0,488044160.0,-0.5183670000005804,EsunnyL2,20210125
358,20210125,OI0001,664664462085292555,664664462000000000,9767.0,9765.0,9764.0,9763.0,9762.0,9768.0,9768.0,9769.0,9770.0,9771.0,29,35,22,16,14,4,19,46,59,7,9768.0,5000,0.0,3.0,-488044160.0,-0.20725900000070396,EFH_SF,20210125
359,20210125,OI0001,664664462335444042,664664462250000000,9767.0,9765.0,9764.0,9763.0,9762.0,9768.0,9769.0,9770.0,9771.0,9772.0,1,11,9,16,13,8,28,26,20,24,9767.0,5043,492536950.0,0.0,492536950.0,-1.029344000000492,EsunnyL2,20210125
361,20210125,OI0001,664664462585593785,664664462500000000,9766.0,9765.0,9764.0,9763.0,9762.0,9767.0,9768.0,9769.0,9770.0,9771.0,1,5,9,16,13,22,8,29,27,20,9767.0,5064,494587980.0,0.0,494587980.0,-0.5175620000009076,EsunnyL2,20210125
363,20210125,OI0001,664664462835573572,664664462750000000,9765.0,9764.0,9763.0,9762.0,9761.0,9767.0,9768.0,9769.0,9770.0,9771.0,7,9,16,13,183,21,8,30,27,20,9767.0,5094,497517790.0,30.0,2929810.0,0.3731209999987186,EsunnyL2,20210125
364,20210125,OI0001,664664463085605527,664664463000000000,9766.0,9763.0,9762.0,9761.0,9760.0,9767.0,9766.0,9767.0,9768.0,9769.0,2,12,15,182,202,24,11,23,32,30,9767.0,5100,0.0,6.0,-497517790.0,0.11806999999862455,EFH_SF,20210125
365,20210125,OI0001,664664463335895431,664664463250000000,9766.0,9765.0,9764.0,9763.0,9762.0,9768.0,9769.0,9770.0,9771.0,9772.0,2,10,9,16,13,6,30,27,21,24,9766.0,5130,501033840.0,0.0,501033840.0,-0.2305320000014035,EsunnyL2,20210125
367,20210125,OI0001,664664463585978413,664664463500000000,9766.0,9765.0,9764.0,9763.0,9762.0,9767.0,9768.0,9769.0,9770.0,9771.0,14,9,9,16,13,13,23,30,29,21,9767.0,5144,502401230.0,0.0,-13250.0,0.01761900000019523,EsunnyL2,20210125
370,20210125,OI0001,664664463836037696,664664463750000000,9766.0,9765.0,9764.0,9763.0,9762.0,9768.0,9769.0,9770.0,9771.0,9772.0,9,11,9,16,13,23,30,29,21,24,9767.0,5166,504549900.0,0.0,504549900.0,-0.23476599999958125,EsunnyL2,20210125
371,20210125,OI0001,664664464086167502,664664464000000000,9766.0,9765.0,9764.0,9763.0,9762.0,9768.0,9769.0,9770.0,9771.0,9772.0,11,12,9,16,13,23,30,29,21,24,9767.0,5166,504549900.0,0.0,0.0,0.1406280000010156,EsunnyL2,20210125
372,20210125,OI0001,664664464336334118,664664464250000000,9766.0,9765.0,9764.0,9763.0,9762.0,9768.0,9769.0,9770.0,9771.0,9772.0,10,12,9,16,13,23,30,29,21,24,9766.0,5167,504647560.0,1.0,97660.0,-0.03292900000087684,EsunnyL2,20210125
374,20210125,OI0001,664664464586504217,664664464500000000,9766.0,9765.0,9764.0,9763.0,9762.0,9767.0,9768.0,9769.0,9770.0,9771.0,8,12,9,16,13,1,23,30,29,21,9766.0,5171,505038220.0,0.0,505038220.0,0.0204570000005333,EsunnyL2,20210125
376,20210125,OI0001,664664465086709337,664664465000000000,9766.0,9765.0,9764.0,9763.0,9762.0,9767.0,9768.0,9769.0,9770.0,9771.0,2,6,11,7,23,9,22,41,34,8,9766.0,5191,0.0,15.0,0.0,-0.8979110000000219,EFH_SF,20210125
377,20210125,OI0001,664664465336823777,664664465250000000,9765.0,9764.0,9763.0,9762.0,9761.0,9766.0,9767.0,9768.0,9769.0,9770.0,8,9,19,13,183,5,8,23,30,28,9766.0,5206,508456300.0,0.0,-13720.0,-0.3501009999999951,EsunnyL2,20210125
379,20210125,OI0001,664664465586961374,664664465500000000,9765.0,9764.0,9763.0,9762.0,9761.0,9766.0,9767.0,9768.0,9769.0,9770.0,6,9,19,13,183,2,6,23,29,24,9765.0,5217,509530550.0,11.0,1074250.0,0.31846500000028755,EsunnyL2,20210125
380,20210125,OI0001,664664465837230684,664664465750000000,9767.0,9766.0,9765.0,9764.0,9763.0,9768.0,9769.0,9770.0,9771.0,9772.0,19,1,11,10,19,23,29,24,21,24,9767.0,5226,510409540.0,9.0,878990.0,-0.04922200000146404,EsunnyL2,20210125
381,20210125,OI0001,664664466087229194,664664466000000000,9766.0,9765.0,9764.0,9763.0,9762.0,9768.0,9769.0,9770.0,9771.0,9772.0,2,9,10,19,13,27,26,24,21,24,9766.0,5249,512655930.0,23.0,2246390.0,0.11217700000088371,EsunnyL2,20210125
382,20210125,OI0001,664664466337732863,664664466250000000,9766.0,9765.0,9764.0,9763.0,9762.0,9767.0,9768.0,9769.0,9770.0,9771.0,2,9,10,19,14,5,28,26,24,21,9766.0,5261,513827880.0,12.0,1171950.0,-0.06482099999993807,EsunnyL2,20210125
384,20210125,OI0001,664664466587541222,664664466500000000,9766.0,9765.0,9764.0,9763.0,9762.0,9768.0,9769.0,9770.0,9771.0,9772.0,8,9,10,19,14,29,26,24,21,24,9766.0,5267,514413890.0,0.0,514413890.0,0.30845700000099896,EsunnyL2,20210125
385,20210125,OI0001,664664466837607002,664664466750000000,9766.0,9765.0,9764.0,9763.0,9762.0,9767.0,9768.0,9769.0,9770.0,9771.0,13,9,10,19,14,2,28,26,24,21,9766.0,5269,514609210.0,2.0,195320.0,0.12167499999850406,EsunnyL2,20210125
386,20210125,OI0001,664664467087523837,664664467000000000,9767.0,9763.0,9762.0,9761.0,9760.0,9768.0,9767.0,9768.0,9769.0,9770.0,4,11,18,183,206,29,20,23,29,46,9767.0,5271,0.0,2.0,-514609210.0,-0.0297260000006645,EFH_SF,20210125
388,20210125,OI0001,664664467337822785,664664467250000000,9767.0,9766.0,9765.0,9764.0,9763.0,9768.0,9769.0,9770.0,9771.0,9772.0,6,14,10,11,19,29,26,24,21,23,9767.0,5271,514804550.0,0.0,-14020.0,0.13262399999985064,EsunnyL2,20210125
390,20210125,OI0001,664664467587980064,664664467500000000,9767.0,9766.0,9765.0,9764.0,9763.0,9769.0,9770.0,9771.0,9772.0,9773.0,9,13,18,11,19,27,24,21,23,19,9767.0,5301,517734930.0,0.0,517734930.0,0.08001499999954831,EsunnyL2,20210125
392,20210125,OI0001,664664467837951070,664664467750000000,9768.0,9767.0,9766.0,9765.0,9764.0,9769.0,9770.0,9771.0,9772.0,9773.0,5,15,13,19,12,27,24,21,23,19,9768.0,5303,517930280.0,0.0,-13730.0,-0.00922800000080315,EsunnyL2,20210125
393,20210125,OI0001,664664468088071237,664664468000000000,9768.0,9764.0,9763.0,9762.0,9761.0,9769.0,9768.0,9769.0,9770.0,9771.0,6,10,12,17,183,24,22,28,46,19,9768.0,5307,0.0,4.0,-517930280.0,0.010174999999435386,EFH_SF,20210125
394,20210125,OI0001,664664468338171412,664664468250000000,9768.0,9767.0,9766.0,9765.0,9764.0,9769.0,9770.0,9771.0,9772.0,9773.0,10,15,12,19,12,24,24,21,23,19,9768.0,5309,518516370.0,0.0,518516370.0,0.1329040000000532,EsunnyL2,20210125
396,20210125,OI0001,664664468588211902,664664468500000000,9768.0,9767.0,9766.0,9765.0,9764.0,9769.0,9770.0,9771.0,9772.0,9773.0,11,18,13,19,12,21,24,21,23,19,9769.0,5312,518809440.0,0.0,518809440.0,0.005492000000231201,EsunnyL2,20210125
398,20210125,OI0001,664664468838413641,664664468750000000,9768.0,9767.0,9766.0,9765.0,9764.0,9769.0,9770.0,9771.0,9772.0,9773.0,15,18,13,20,12,21,24,21,23,19,9769.0,5312,518809440.0,0.0,518809440.0,0.0003259999994043028,EsunnyL2,20210125
400,20210125,OI0001,664664469088276596,664664469000000000,9768.0,0.0,0.0,0.0,0.0,9769.0,0.0,0.0,0.0,0.0,15,0,0,0,0,12,0,0,0,0,9769.0,5321,0.0,9.0,-518809440.0,0.09479500000088592,EFH_SF,20210125
402,20210125,OI0001,664664469339442394,664664469250000000,9768.0,9767.0,9766.0,9765.0,9764.0,9770.0,9771.0,9772.0,9773.0,9774.0,16,18,13,25,12,29,21,23,19,8,9769.0,5333,520860930.0,0.0,520860930.0,0.07230899999922258,EsunnyL2,20210125
403,20210125,OI0001,664664469588585549,664664469500000000,9769.0,9768.0,9767.0,9766.0,9765.0,9770.0,9771.0,9772.0,9773.0,9774.0,26,16,18,13,25,29,21,23,19,18,9769.0,5334,520958620.0,0.0,520958620.0,0.34323399999993853,EsunnyL2,20210125
405,20210125,OI0001,664664469838785526,664664469750000000,9769.0,9768.0,9767.0,9766.0,9765.0,9770.0,9771.0,9772.0,9773.0,9774.0,27,16,16,13,25,19,21,23,19,18,9770.0,5347,522228690.0,0.0,522228690.0,0.20320600000013656,EsunnyL2,20210125
407,20210125,OI0001,664664470088729061,664664470000000000,9769.0,9765.0,9764.0,9763.0,9762.0,9770.0,9768.0,9769.0,9770.0,9771.0,28,35,8,18,14,21,24,28,26,6,9769.0,5348,0.0,1.0,-522228690.0,0.07309900000109337,EFH_SF,20210125
408,20210125,OI0001,664664470340028655,664664470250000000,9769.0,9768.0,9767.0,9766.0,9765.0,9770.0,9771.0,9772.0,9773.0,9774.0,28,13,15,13,25,21,23,23,19,18,9769.0,5348,522326380.0,0.0,522326380.0,0.09914900000148918,EsunnyL2,20210125
409,20210125,OI0001,664664470590242610,664664470500000000,9769.0,9768.0,9767.0,9766.0,9765.0,9770.0,9771.0,9772.0,9773.0,9774.0,3,13,15,13,17,2,23,23,19,18,9770.0,5378,525257300.0,0.0,-11960.0,-0.12270700000044599,EsunnyL2,20210125
412,20210125,OI0001,664664470840391717,664664470750000000,9769.0,9768.0,9767.0,9766.0,9765.0,9770.0,9771.0,9772.0,9773.0,9774.0,13,14,15,13,17,12,23,23,19,18,9769.0,5386,526038830.0,0.0,526038830.0,-0.09419100000013714,EsunnyL2,20210125
413,20210125,OI0001,664664471090327332,664664471000000000,9769.0,9764.0,9763.0,9762.0,9761.0,9770.0,9768.0,9769.0,9770.0,9771.0,9,9,16,17,183,23,25,24,46,19,9770.0,5394,0.0,8.0,-526038830.0,-0.3919289999994362,EFH_SF,20210125
414,20210125,OI0001,664664471340524572,664664471250000000,9769.0,9768.0,9767.0,9766.0,9765.0,9770.0,9771.0,9772.0,9773.0,9774.0,4,14,15,13,17,25,23,23,19,18,9769.0,5402,527601900.0,8.0,527601900.0,-0.2884249999988242,EsunnyL2,20210125
415,20210125,OI0001,664664471590630928,664664471500000000,9769.0,9768.0,9767.0,9766.0,9765.0,9770.0,9771.0,9772.0,9773.0,9774.0,1,14,15,13,17,23,23,23,19,18,9770.0,5411,528481130.0,9.0,879230.0,-0.08613299999888113,EsunnyL2,20210125
416,20210125,OI0001,664664471840769911,664664471750000000,9769.0,9768.0,9767.0,9766.0,9765.0,9770.0,9771.0,9772.0,9773.0,9774.0,4,14,15,13,17,18,23,23,19,18,9770.0,5418,529165010.0,0.0,529165010.0,0.20511199999964447,EsunnyL2,20210125
418,20210125,OI0001,664664472090836115,664664472000000000,9769.0,9764.0,9763.0,9762.0,9761.0,9770.0,9768.0,9769.0,9770.0,9771.0,22,9,16,17,183,16,26,24,47,19,9769.0,5421,0.0,3.0,-529165010.0,0.26176399999894784,EFH_SF,20210125
420,20210125,OI0001,664664472340921469,664664472250000000,9769.0,9768.0,9767.0,9766.0,9765.0,9770.0,9771.0,9772.0,9773.0,9774.0,23,14,15,13,17,3,23,23,19,18,9770.0,5439,531216700.0,0.0,531216700.0,0.35035099999913655,EsunnyL2,20210125
421,20210125,OI0001,664664472591016626,664664472500000000,9769.0,9768.0,9767.0,9766.0,9765.0,9770.0,9771.0,9772.0,9773.0,9774.0,27,14,15,13,17,8,23,23,19,18,9770.0,5446,531900600.0,0.0,531900600.0,0.10037000000011176,EsunnyL2,20210125
424,20210125,OI0001,664664472841071686,664664472750000000,9769.0,9768.0,9767.0,9766.0,9765.0,9771.0,9772.0,9773.0,9774.0,9775.0,27,16,15,13,17,24,23,19,18,229,9770.0,5462,533463800.0,0.0,533463800.0,0.2740929999999935,EsunnyL2,20210125
425,20210125,OI0001,664664473091223617,664664473000000000,9770.0,9765.0,9764.0,9763.0,9762.0,9771.0,9768.0,9769.0,9770.0,9771.0,10,13,10,13,17,4,20,15,47,19,9770.0,5490,0.0,28.0,-533463800.0,0.799565999999686,EFH_SF,20210125
427,20210125,OI0001,664664473341394505,664664473250000000,9770.0,9769.0,9768.0,9767.0,9766.0,9771.0,9772.0,9773.0,9774.0,9775.0,15,37,17,15,12,1,23,19,18,239,9770.0,5495,536688190.0,0.0,536688190.0,0.6140789999990375,EsunnyL2,20210125
429,20210125,OI0001,664664473591527237,664664473500000000,9770.0,9769.0,9768.0,9767.0,9766.0,9771.0,9772.0,9773.0,9774.0,9775.0,16,37,17,15,12,4,23,19,18,239,9770.0,5504,537567570.0,0.0,537567570.0,0.5833309999998164,EsunnyL2,20210125
431,20210125,OI0001,664664473841602902,664664473750000000,9770.0,9769.0,9768.0,9767.0,9766.0,9771.0,9772.0,9773.0,9774.0,9775.0,14,37,17,15,12,4,23,19,18,239,9770.0,5507,537860670.0,0.0,537860670.0,0.3800389999996696,EsunnyL2,20210125
432,20210125,OI0001,664664474091644762,664664474000000000,9770.0,9766.0,9765.0,9764.0,9763.0,9772.0,9770.0,9771.0,9772.0,9773.0,11,5,22,13,15,23,47,19,23,7,9770.0,5514,0.0,7.0,-537860670.0,0.07834899999943445,EFH_SF,20210125
433,20210125,OI0001,664664474341848906,664664474250000000,9770.0,9769.0,9768.0,9767.0,9766.0,9771.0,9772.0,9773.0,9774.0,9775.0,12,37,17,15,12,3,23,19,18,240,9771.0,5515,538642320.0,0.0,538642320.0,0.29817200000070443,EsunnyL2,20210125
435,20210125,OI0001,664664474591910552,664664474500000000,9770.0,9769.0,9768.0,9767.0,9766.0,9771.0,9772.0,9773.0,9774.0,9775.0,15,45,17,15,12,9,23,20,18,240,9771.0,5523,539423990.0,8.0,781670.0,0.5100600000005215,EsunnyL2,20210125
437,20210125,OI0001,664664474842139604,664664474750000000,9770.0,9769.0,9768.0,9767.0,9766.0,9772.0,9773.0,9774.0,9775.0,9776.0,6,45,17,15,12,23,20,18,240,6,9771.0,5550,542062050.0,0.0,542062050.0,0.33677200000056473,EsunnyL2,20210125
438,20210125,OI0001,664664475092192363,664664475000000000,9770.0,9769.0,9768.0,9767.0,9766.0,9771.0,9772.0,9773.0,9774.0,9775.0,15,45,17,15,56,1,29,20,18,240,9771.0,5550,542062050.0,0.0,0.0,0.5167359999995824,EsunnyL2,20210125
440,20210125,OI0001,664664475342427383,664664475250000000,9770.0,9769.0,9768.0,9767.0,9766.0,9771.0,9772.0,9773.0,9774.0,9775.0,25,45,17,15,56,1,32,20,18,240,9771.0,5567,543723110.0,0.0,543723110.0,0.4847960000006424,EsunnyL2,20210125
442,20210125,OI0001,664664475842504709,664664475750000000,9771.0,9770.0,9769.0,9768.0,9767.0,9772.0,9773.0,9774.0,9775.0,9776.0,9,26,69,17,13,32,20,18,240,16,9771.0,5579,544895620.0,0.0,544895620.0,0.678979000000254,EsunnyL2,20210125
444,20210125,OI0001,664664476092472834,664664476000000000,9771.0,9764.0,9763.0,9762.0,9761.0,9772.0,9767.0,9768.0,9769.0,9770.0,18,16,12,17,182,22,22,31,30,47,9772.0,5589,0.0,10.0,-544895620.0,0.39979500000117696,EFH_SF,20210125
445,20210125,OI0001,664664476342738115,664664476250000000,9771.0,9770.0,9769.0,9768.0,9767.0,9773.0,9774.0,9775.0,9776.0,9777.0,19,25,68,17,13,22,18,240,16,2,9772.0,5614,548315820.0,25.0,548315820.0,-0.06695600000057311,EsunnyL2,20210125
447,20210125,OI0001,664664476592833396,664664476500000000,9772.0,9771.0,9770.0,9769.0,9768.0,9773.0,9774.0,9775.0,9776.0,9777.0,3,19,25,68,17,20,18,240,16,15,9773.0,5615,548413550.0,0.0,-3500.0,-0.08852400000068883,EsunnyL2,20210125
449,20210125,OI0001,664664476842982356,664664476750000000,9771.0,9770.0,9769.0,9768.0,9767.0,9772.0,9773.0,9774.0,9775.0,9776.0,18,25,68,17,13,1,20,18,240,16,9771.0,5630,549879310.0,0.0,549879310.0,-0.02132299999902898,EsunnyL2,20210125
450,20210125,OI0001,664664477092872067,664664477000000000,9771.0,9767.0,9766.0,9765.0,9764.0,9772.0,9770.0,9771.0,9772.0,9773.0,18,27,6,11,9,2,22,20,24,18,9772.0,5631,0.0,1.0,-549879310.0,-0.15571100000124716,EFH_SF,20210125
452,20210125,OI0001,664664477343158508,664664477250000000,9771.0,9770.0,9769.0,9768.0,9767.0,9773.0,9774.0,9775.0,9776.0,9777.0,16,22,68,17,11,19,18,240,16,15,9771.0,5637,550563320.0,0.0,550563320.0,0.2295300000005227,EsunnyL2,20210125
453,20210125,OI0001,664664477593237766,664664477500000000,9771.0,9770.0,9769.0,9768.0,9767.0,9773.0,9774.0,9775.0,9776.0,9777.0,17,22,58,17,11,19,18,240,16,15,9771.0,5646,551442790.0,0.0,551442790.0,-0.08195399999931396,EsunnyL2,20210125
455,20210125,OI0001,664664477843315406,664664477750000000,9771.0,9770.0,9769.0,9768.0,9767.0,9773.0,9774.0,9775.0,9776.0,9777.0,17,22,58,17,11,19,18,240,16,15,9772.0,5649,551735950.0,0.0,551735950.0,-0.048154000000067754,EsunnyL2,20210125
457,20210125,OI0001,664664478093427310,664664478000000000,9772.0,9765.0,9764.0,9763.0,9762.0,9773.0,9769.0,9770.0,9771.0,9772.0,3,11,9,16,13,24,28,26,20,24,9772.0,5658,552616860.0,9.0,880910.0,-0.057270000001153676,EFH_SF,20210125
458,20210125,OI0001,664664478343584800,664664478250000000,9771.0,9770.0,9769.0,9768.0,9767.0,9772.0,9773.0,9774.0,9775.0,9776.0,9,22,58,17,11,9,27,18,240,17,9772.0,5666,553397110.0,0.0,553397110.0,-0.14120899999943504,EsunnyL2,20210125
460,20210125,OI0001,664664478593662587,664664478500000000,9771.0,9770.0,9769.0,9768.0,9767.0,9772.0,9773.0,9774.0,9775.0,9776.0,2,22,58,17,11,9,27,18,240,17,9771.0,5678,554569640.0,12.0,1172530.0,-0.16365899999982503,EsunnyL2,20210125
461,20210125,OI0001,664664478843760210,664664478750000000,9771.0,9770.0,9769.0,9768.0,9767.0,9772.0,9773.0,9774.0,9775.0,9776.0,2,21,58,17,11,14,27,18,240,17,9772.0,5683,555058200.0,0.0,-410.0,-0.41557300000022224,EsunnyL2,20210125
463,20210125,OI0001,664664479093816736,664664479000000000,9771.0,9765.0,9764.0,9763.0,9762.0,9772.0,9769.0,9770.0,9771.0,9772.0,2,10,9,16,13,17,30,27,21,24,9772.0,5692,555937640.0,9.0,879440.0,-0.39605499999925087,EFH_SF,20210125
464,20210125,OI0001,664664479343982381,664664479250000000,9771.0,9770.0,9769.0,9768.0,9767.0,9772.0,9773.0,9774.0,9775.0,9776.0,1,21,59,17,9,16,26,18,240,17,9771.0,5698,556523890.0,0.0,556523890.0,-0.17272300000149698,EsunnyL2,20210125
466,20210125,OI0001,664664479595041827,664664479500000000,9771.0,9770.0,9769.0,9768.0,9767.0,9772.0,9773.0,9774.0,9775.0,9776.0,2,22,59,15,9,15,27,18,240,17,9772.0,5703,557012450.0,0.0,557012450.0,-0.2201519999998709,EsunnyL2,20210125
468,20210125,OI0001,664664479844176669,664664479750000000,9771.0,9770.0,9769.0,9768.0,9767.0,9772.0,9773.0,9774.0,9775.0,9776.0,1,22,59,13,9,15,27,18,240,17,9771.0,5709,557598710.0,0.0,557598710.0,-0.3454669999991893,EsunnyL2,20210125
470,20210125,OI0001,664664480094330194,664664480000000000,9771.0,9762.0,9761.0,9760.0,9759.0,9772.0,9766.0,9767.0,9768.0,9769.0,1,13,182,207,8,15,13,23,26,30,9772.0,5715,0.0,6.0,-557598710.0,-0.34322099999917555,EFH_SF,20210125
472,20210125,OI0001,664664480344375615,664664480250000000,9771.0,9770.0,9769.0,9768.0,9767.0,9772.0,9773.0,9774.0,9775.0,9776.0,3,22,57,13,11,19,27,18,240,18,9772.0,5723,558966710.0,0.0,558966710.0,-0.003147999999782769,EsunnyL2,20210125
474,20210125,OI0001,664664480594826244,664664480500000000,9771.0,9770.0,9769.0,9768.0,9767.0,9772.0,9773.0,9774.0,9775.0,9776.0,3,22,57,13,11,19,27,18,240,18,9771.0,5726,559259840.0,0.0,559259840.0,0.019453000000794418,EsunnyL2,20210125
476,20210125,OI0001,664664480844569212,664664480750000000,9771.0,9770.0,9769.0,9768.0,9767.0,9772.0,9773.0,9774.0,9775.0,9776.0,1,22,57,13,11,15,27,18,241,18,9772.0,5734,560041570.0,0.0,1790.0,0.18794200000047567,EsunnyL2,20210125
477,20210125,OI0001,664664481094540261,664664481000000000,9771.0,9764.0,9763.0,9762.0,9761.0,9772.0,9767.0,9768.0,9769.0,9770.0,4,9,19,13,183,11,6,23,29,24,9772.0,5740,0.0,6.0,-560041570.0,0.1898170000004029,EFH_SF,20210125
478,20210125,OI0001,664664481344793979,664664481250000000,9771.0,9770.0,9769.0,9768.0,9767.0,9772.0,9773.0,9774.0,9775.0,9776.0,9,22,57,13,11,10,28,18,241,18,9772.0,5741,560725590.0,0.0,2120.0,0.26859999999942374,EsunnyL2,20210125
480,20210125,OI0001,664664481594897714,664664481500000000,9771.0,9770.0,9769.0,9768.0,9767.0,9772.0,9773.0,9774.0,9775.0,9776.0,12,22,57,13,11,11,28,18,241,18,9772.0,5743,560921030.0,0.0,560921030.0,0.19514899999921909,EsunnyL2,20210125
482,20210125,OI0001,664664481844976557,664664481750000000,9771.0,9770.0,9769.0,9768.0,9767.0,9772.0,9773.0,9774.0,9775.0,9776.0,12,22,57,13,11,9,28,18,241,18,9772.0,5747,561311910.0,0.0,2420.0,-0.18712299999970128,EsunnyL2,20210125
484,20210125,OI0001,664664482095050697,664664482000000000,9770.0,9763.0,9762.0,9761.0,9760.0,9771.0,9767.0,9768.0,9769.0,9770.0,21,11,18,183,206,1,20,23,29,46,9770.0,5761,562676870.0,14.0,1364960.0,-0.3650259999994887,EFH_SF,20210125
485,20210125,OI0001,664664482345188952,664664482250000000,9769.0,9768.0,9767.0,9766.0,9765.0,9770.0,9771.0,9772.0,9773.0,9774.0,59,13,11,53,9,1,4,8,25,18,9770.0,5785,565024650.0,0.0,565024650.0,-0.5761949999996432,EsunnyL2,20210125
487,20210125,OI0001,664664482595298890,664664482500000000,9769.0,9768.0,9767.0,9766.0,9765.0,9771.0,9772.0,9773.0,9774.0,9775.0,57,12,11,54,9,19,5,25,18,245,9770.0,5794,565903960.0,0.0,565903960.0,-0.7232100000001083,EsunnyL2,20210125
490,20210125,OI0001,664664482845409577,664664482750000000,9769.0,9768.0,9767.0,9766.0,9765.0,9771.0,9772.0,9773.0,9774.0,9775.0,57,12,11,54,9,24,6,25,18,245,9770.0,5805,566978660.0,0.0,566978660.0,-0.45239699999910954,EsunnyL2,20210125
491,20210125,OI0001,664664483095433538,664664483000000000,9768.0,9764.0,9763.0,9762.0,9761.0,9770.0,9768.0,9769.0,9770.0,9771.0,10,10,12,17,183,1,22,28,46,19,9768.0,5863,0.0,58.0,-566978660.0,-0.3686990000005608,EFH_SF,20210125
492,20210125,OI0001,664664483345613647,664664483250000000,9768.0,9767.0,9766.0,9765.0,9764.0,9770.0,9771.0,9772.0,9773.0,9774.0,8,11,54,9,15,18,38,9,24,18,9770.0,5869,573230870.0,0.0,573230870.0,-0.23133000000052562,EsunnyL2,20210125
494,20210125,OI0001,664664483595725906,664664483500000000,9768.0,9767.0,9766.0,9765.0,9764.0,9770.0,9771.0,9772.0,9773.0,9774.0,7,11,55,9,15,5,40,10,24,18,9768.0,5888,575087120.0,0.0,575087120.0,0.4301790000008623,EsunnyL2,20210125
497,20210125,OI0001,664664483845806329,664664483750000000,9769.0,9768.0,9767.0,9766.0,9765.0,9770.0,9771.0,9772.0,9773.0,9774.0,1,12,11,55,9,7,40,11,24,18,9770.0,5892,575477910.0,0.0,6270.0,-2.0000006770715117e-06,EsunnyL2,20210125
498,20210125,OI0001,664664484095910006,664664484000000000,9768.0,0.0,0.0,0.0,0.0,9770.0,0.0,0.0,0.0,0.0,13,0,0,0,0,10,0,0,0,0,9769.0,5896,0.0,4.0,-575477910.0,0.1710189999994327,EFH_SF,20210125
499,20210125,OI0001,664664484346147569,664664484250000000,9768.0,9767.0,9766.0,9765.0,9764.0,9770.0,9771.0,9772.0,9773.0,9774.0,14,11,55,10,15,10,40,12,24,18,9769.0,5899,576161740.0,0.0,576161740.0,0.16793999999936204,EsunnyL2,20210125
502,20210125,OI0001,664664484596089360,664664484500000000,9768.0,9767.0,9766.0,9765.0,9764.0,9770.0,9771.0,9772.0,9773.0,9774.0,22,11,55,10,15,1,40,12,24,18,9769.0,5916,577822590.0,0.0,577822590.0,0.31487299999935203,EsunnyL2,20210125
503,20210125,OI0001,664664484846156718,664664484750000000,9769.0,9768.0,9767.0,9766.0,9765.0,9770.0,9771.0,9772.0,9773.0,9774.0,19,22,11,54,10,7,40,12,24,18,9770.0,5917,577920290.0,0.0,577920290.0,-0.048201999999946565,EsunnyL2,20210125
505,20210125,OI0001,664664485096121470,664664485000000000,9769.0,9765.0,9764.0,9763.0,9762.0,9771.0,9768.0,9769.0,9770.0,9771.0,21,35,8,18,14,40,24,28,26,6,9771.0,5935,0.0,18.0,-577920290.0,-0.20648400000027323,EFH_SF,20210125
506,20210125,OI0001,664664485346368064,664664485250000000,9769.0,9768.0,9767.0,9766.0,9765.0,9771.0,9772.0,9773.0,9774.0,9775.0,21,19,11,54,10,40,12,25,18,245,9771.0,5935,579678880.0,0.0,579678880.0,-0.12336799999866344,EsunnyL2,20210125
507,20210125,OI0001,664664485596485005,664664485500000000,9770.0,9769.0,9768.0,9767.0,9766.0,9771.0,9772.0,9773.0,9774.0,9775.0,27,21,14,11,54,40,12,25,18,245,9770.0,5936,579776580.0,1.0,97700.0,-0.2426369999993767,EsunnyL2,20210125
509,20210125,OI0001,664664485846610013,664664485750000000,9770.0,9769.0,9768.0,9767.0,9766.0,9771.0,9772.0,9773.0,9774.0,9775.0,23,21,14,11,54,41,12,25,18,245,9770.0,5940,580167380.0,0.0,580167380.0,-0.4570720000010624,EsunnyL2,20210125
510,20210125,OI0001,664664486096707503,664664486000000000,9768.0,9768.0,9767.0,9766.0,9765.0,9771.0,9771.0,9772.0,9773.0,9774.0,14,14,15,13,17,44,23,23,19,18,9770.0,5988,0.0,48.0,-580167380.0,-0.40428699999938544,EFH_SF,20210125
511,20210125,OI0001,664664486346968949,664664486250000000,9769.0,9768.0,9767.0,9766.0,9765.0,9770.0,9771.0,9772.0,9773.0,9774.0,3,10,11,54,10,17,45,12,25,18,9770.0,6001,586126870.0,0.0,586126870.0,-0.8657600000005914,EsunnyL2,20210125
514,20210125,OI0001,664664486597149407,664664486500000000,9768.0,9767.0,9766.0,9765.0,9764.0,9770.0,9771.0,9772.0,9773.0,9774.0,10,11,54,10,15,19,45,12,25,18,9769.0,6015,587494540.0,0.0,587494540.0,-0.3862700000008772,EsunnyL2,20210125
515,20210125,OI0001,664664486847005269,664664486750000000,9768.0,9767.0,9766.0,9765.0,9764.0,9770.0,9771.0,9772.0,9773.0,9774.0,11,11,54,10,15,20,45,12,25,18,9770.0,6016,587592240.0,0.0,587592240.0,-0.23397699999986799,EsunnyL2,20210125
517,20210125,OI0001,664664487096989671,664664487000000000,9768.0,9763.0,9762.0,9761.0,9760.0,9769.0,9767.0,9768.0,9769.0,9770.0,14,18,11,209,165,1,13,32,31,26,9769.0,6018,0.0,2.0,-587592240.0,0.017341000000669737,EFH_SF,20210125
518,20210125,OI0001,664664487347186851,664664487250000000,9768.0,9767.0,9766.0,9765.0,9764.0,9770.0,9771.0,9772.0,9773.0,9774.0,14,11,54,10,15,23,45,11,26,18,9769.0,6019,587885310.0,1.0,587885310.0,0.13007199999992736,EsunnyL2,20210125
519,20210125,OI0001,664664487597262842,664664487500000000,9768.0,9767.0,9766.0,9765.0,9764.0,9769.0,9770.0,9771.0,9772.0,9773.0,13,11,54,10,15,3,23,46,12,26,9768.0,6020,587982990.0,0.0,587982990.0,-0.19341200000053504,EsunnyL2,20210125
521,20210125,OI0001,664664487847340997,664664487750000000,9768.0,9767.0,9766.0,9765.0,9764.0,9770.0,9771.0,9772.0,9773.0,9774.0,13,11,54,10,15,24,46,12,26,17,9768.0,6026,588569120.0,0.0,588569120.0,-0.1003660000005766,EsunnyL2,20210125
523,20210125,OI0001,664664488097706173,664664488000000000,9768.0,9765.0,9764.0,9763.0,9762.0,9770.0,9768.0,9769.0,9770.0,9771.0,16,13,10,13,17,24,20,15,47,19,9768.0,6026,0.0,0.0,-588569120.0,-0.08441599999969185,EFH_SF,20210125
525,20210125,OI0001,664664488347569518,664664488250000000,9769.0,9768.0,9767.0,9766.0,9765.0,9770.0,9771.0,9772.0,9773.0,9774.0,1,17,11,54,10,19,48,11,26,17,9770.0,6032,589155300.0,0.0,589155300.0,-0.0005930000006628688,EsunnyL2,20210125
527,20210125,OI0001,664664488597693635,664664488500000000,9768.0,9767.0,9766.0,9765.0,9764.0,9770.0,9771.0,9772.0,9773.0,9774.0,11,11,54,10,15,19,48,11,26,17,9769.0,6046,590522940.0,0.0,590522940.0,0.04271800000060466,EsunnyL2,20210125
528,20210125,OI0001,664664488847779400,664664488750000000,9769.0,9768.0,9767.0,9766.0,9765.0,9770.0,9771.0,9772.0,9773.0,9774.0,3,8,11,54,10,19,48,12,26,17,9770.0,6052,591109090.0,6.0,586150.0,-0.016472999999677995,EsunnyL2,20210125
529,20210125,OI0001,664664489097779052,664664489000000000,9769.0,9769.0,9768.0,9767.0,9766.0,9770.0,9772.0,9773.0,9774.0,9775.0,4,37,17,15,12,20,23,19,18,239,9769.0,6059,0.0,7.0,-591109090.0,-0.029481999999916297,EFH_SF,20210125
531,20210125,OI0001,664664489347980065,664664489250000000,9769.0,9768.0,9767.0,9766.0,9765.0,9770.0,9771.0,9772.0,9773.0,9774.0,1,8,12,54,10,20,48,12,26,17,9769.0,6065,592379060.0,0.0,10510.0,-0.08067100000153005,EsunnyL2,20210125
532,20210125,OI0001,664664489598065001,664664489500000000,9769.0,9768.0,9767.0,9766.0,9765.0,9770.0,9771.0,9772.0,9773.0,9774.0,1,7,12,54,10,20,48,12,26,17,9768.0,6069,592769810.0,0.0,592769810.0,0.08318200000030629,EsunnyL2,20210125
534,20210125,OI0001,664664489848354814,664664489750000000,9769.0,9768.0,9767.0,9766.0,9765.0,9770.0,9771.0,9772.0,9773.0,9774.0,4,7,12,54,10,20,48,12,26,17,9769.0,6077,593551330.0,0.0,593551330.0,0.34447000000000116,EsunnyL2,20210125
536,20210125,OI0001,664664490098093310,664664490000000000,9768.0,9769.0,9768.0,9767.0,9766.0,9770.0,9772.0,9773.0,9774.0,9775.0,8,45,17,15,56,16,29,20,18,240,9769.0,6087,0.0,10.0,-593551330.0,0.38092500000129803,EFH_SF,20210125
537,20210125,OI0001,664664490348513873,664664490250000000,9769.0,9768.0,9767.0,9766.0,9765.0,9770.0,9771.0,9772.0,9773.0,9774.0,3,11,12,54,10,13,49,12,26,17,9770.0,6102,595993600.0,0.0,595993600.0,0.2861940000002505,EsunnyL2,20210125
539,20210125,OI0001,664664490598516923,664664490500000000,9768.0,9767.0,9766.0,9765.0,9764.0,9770.0,9771.0,9772.0,9773.0,9774.0,15,12,54,10,15,9,49,12,26,17,9770.0,6113,597068230.0,0.0,11520.0,0.11101199999939126,EsunnyL2,20210125
541,20210125,OI0001,664664490848531210,664664490750000000,9769.0,9768.0,9767.0,9766.0,9765.0,9770.0,9771.0,9772.0,9773.0,9774.0,7,17,12,54,10,12,49,12,26,17,9770.0,6119,597654390.0,0.0,597654390.0,-0.08335299999998824,EsunnyL2,20210125
543,20210125,OI0001,664664491098750008,664664491000000000,9768.0,9767.0,9766.0,9765.0,9764.0,9770.0,9771.0,9772.0,9773.0,9774.0,16,12,54,10,15,19,45,12,23,17,9768.0,6131,598826650.0,12.0,1172260.0,0.0019709999996848637,EsunnyL2,20210125
545,20210125,OI0001,664664491348842991,664664491250000000,9769.0,9768.0,9767.0,9766.0,9765.0,9770.0,9771.0,9772.0,9773.0,9774.0,2,12,13,54,10,26,45,12,23,17,9770.0,6132,598924350.0,0.0,11910.0,-0.2356870000003255,EsunnyL2,20210125
547,20210125,OI0001,664664491598891239,664664491500000000,9768.0,9767.0,9766.0,9765.0,9764.0,9769.0,9770.0,9771.0,9772.0,9773.0,10,13,54,10,15,11,27,45,12,23,9768.0,6139,599608160.0,0.0,599608160.0,-0.32239100000151666,EsunnyL2,20210125
549,20210125,OI0001,664664491848952573,664664491750000000,9767.0,9766.0,9765.0,9764.0,9763.0,9769.0,9770.0,9771.0,9772.0,9773.0,13,54,10,15,15,6,28,45,12,23,9769.0,6155,601171100.0,0.0,601171100.0,-0.15004899999985355,EsunnyL2,20210125
550,20210125,OI0001,664664492099089812,664664492000000000,9767.0,9766.0,9765.0,9764.0,9763.0,9769.0,9770.0,9771.0,9772.0,9773.0,16,54,10,15,15,20,33,44,12,23,9769.0,6155,601171100.0,0.0,0.0,0.004587999999785097,EsunnyL2,20210125
552,20210125,OI0001,664664492349188545,664664492250000000,9767.0,9766.0,9765.0,9764.0,9763.0,9768.0,9769.0,9770.0,9771.0,9772.0,12,54,10,15,15,9,20,35,43,12,9769.0,6156,601268790.0,0.0,601268790.0,-0.16986200000064855,EsunnyL2,20210125
553,20210125,OI0001,664664492599272027,664664492500000000,9767.0,9766.0,9765.0,9764.0,9763.0,9768.0,9769.0,9770.0,9771.0,9772.0,10,54,10,15,15,11,20,35,43,10,9767.0,6158,601464130.0,2.0,195340.0,-0.35861300000033225,EsunnyL2,20210125
555,20210125,OI0001,664664492849574642,664664492750000000,9767.0,9766.0,9765.0,9764.0,9763.0,9768.0,9769.0,9770.0,9771.0,9772.0,3,54,10,15,15,12,21,35,44,10,9767.0,6171,602733840.0,0.0,602733840.0,-0.21304500000042026,EsunnyL2,20210125
556,20210125,OI0001,664664493099405217,664664493000000000,9766.0,9765.0,9764.0,9763.0,9762.0,9767.0,9769.0,9770.0,9771.0,9772.0,54,11,9,16,13,1,28,26,20,24,9767.0,6180,603600600.0,9.0,866760.0,-0.28153500000007625,EFH_SF,20210125
557,20210125,OI0001,664664493349666334,664664493250000000,9767.0,9766.0,9765.0,9764.0,9763.0,9768.0,9769.0,9770.0,9771.0,9772.0,2,54,10,15,15,19,21,35,44,10,9768.0,6186,604198900.0,0.0,604198900.0,-0.30083400000148686,EsunnyL2,20210125
560,20210125,OI0001,664664493599681304,664664493500000000,9766.0,9765.0,9764.0,9763.0,9762.0,9768.0,9769.0,9770.0,9771.0,9772.0,54,10,15,15,13,18,14,35,44,10,9767.0,6196,605175600.0,0.0,605175600.0,-0.05024299999968207,EsunnyL2,20210125
561,20210125,OI0001,664664493849839126,664664493750000000,9766.0,9765.0,9764.0,9763.0,9762.0,9768.0,9769.0,9770.0,9771.0,9772.0,54,10,15,15,13,19,14,35,44,10,9767.0,6196,605175600.0,0.0,12280.0,-0.011322000000291155,EsunnyL2,20210125
563,20210125,OI0001,664664494099802577,664664494000000000,9766.0,9762.0,9761.0,9760.0,9759.0,9767.0,9766.0,9767.0,9768.0,9769.0,54,15,182,207,8,1,13,23,32,30,9767.0,6200,0.0,4.0,-605175600.0,0.19780899999932444,EFH_SF,20210125
564,20210125,OI0001,664664494349985808,664664494250000000,9766.0,9765.0,9764.0,9763.0,9762.0,9767.0,9768.0,9769.0,9770.0,9771.0,50,9,15,15,13,1,28,17,36,54,9766.0,6207,606249930.0,0.0,606249930.0,-0.25509100000090257,EsunnyL2,20210125
1377,20210125,OI0001,664664611150162332,664664611250000000,9788.0,9787.0,9786.0,9785.0,9784.0,9790.0,9791.0,9792.0,9793.0,9794.0,8,5,14,14,11,16,21,15,30,7,9790.0,11727,1145926490.0,0.0,1145926490.0,-0.12895700000080978,EsunnyL2,20210125
1379,20210125,OI0001,664664611400244762,664664611500000000,9789.0,9788.0,9787.0,9786.0,9785.0,9790.0,9791.0,9792.0,9793.0,9794.0,8,7,5,14,14,17,21,15,30,7,9789.0,11731,1146318030.0,0.0,1146318030.0,-0.030226000000766362,EsunnyL2,20210125
1380,20210125,OI0001,664664611650485403,664664611750000000,9789.0,9788.0,9787.0,9786.0,9785.0,9790.0,9791.0,9792.0,9793.0,9794.0,10,5,5,14,14,16,21,15,30,7,9790.0,11734,1146611710.0,0.0,1146611710.0,0.12175899999965623,EsunnyL2,20210125
1383,20210125,OI0001,664664612150559457,664664612250000000,9789.0,9788.0,9787.0,9786.0,9785.0,9790.0,9791.0,9792.0,9793.0,9794.0,3,5,5,14,15,16,21,15,30,7,9789.0,11743,1147492720.0,0.0,1147492720.0,-0.14148699999896053,EsunnyL2,20210125
1385,20210125,OI0001,664664612400684247,664664612500000000,9787.0,9786.0,9785.0,9784.0,9783.0,9790.0,9791.0,9792.0,9793.0,9794.0,2,14,15,11,13,3,21,15,30,7,9790.0,11791,1152191090.0,0.0,1152191090.0,0.6365679999998974,EsunnyL2,20210125
1387,20210125,OI0001,664664612650735454,664664612750000000,9788.0,9787.0,9786.0,9785.0,9784.0,9789.0,9790.0,9791.0,9792.0,9793.0,9,15,14,17,11,4,6,21,15,29,9789.0,11800,1153072100.0,0.0,1153072100.0,0.230267000000822,EsunnyL2,20210125
1389,20210125,OI0001,664664612900924071,664664613000000000,9789.0,9788.0,9787.0,9786.0,9785.0,9790.0,9791.0,9792.0,9793.0,9794.0,1,9,15,14,18,7,26,16,29,7,9789.0,11809,1153953120.0,9.0,881020.0,-0.04304799999954412,EsunnyL2,20210125
1390,20210125,OI0001,664664613150962436,664664613250000000,9788.0,9787.0,9786.0,9785.0,9784.0,9789.0,9790.0,9791.0,9792.0,9793.0,9,15,13,18,12,5,5,26,16,29,9789.0,11812,1154246790.0,3.0,293670.0,0.03241200000047684,EsunnyL2,20210125
1391,20210125,OI0001,664664613651203599,664664613750000000,9788.0,9787.0,9786.0,9785.0,9784.0,9789.0,9790.0,9791.0,9792.0,9793.0,9,15,13,19,12,28,5,26,16,29,9789.0,11812,1154246790.0,0.0,1154246790.0,-0.06295800000043528,EsunnyL2,20210125
1393,20210125,OI0001,664664613901203080,664664614000000000,9788.0,9787.0,9786.0,9785.0,9784.0,9789.0,9790.0,9791.0,9792.0,9793.0,7,15,13,19,12,33,5,26,16,29,9788.0,11813,1154344670.0,0.0,1154344670.0,-0.16958899999917776,EsunnyL2,20210125
1396,20210125,OI0001,664664614151381426,664664614250000000,9787.0,9786.0,9785.0,9784.0,9783.0,9789.0,9790.0,9791.0,9792.0,9793.0,19,13,20,12,13,43,5,27,16,29,9788.0,11820,1155029830.0,0.0,1155029830.0,0.10593900000094436,EsunnyL2,20210125
1397,20210125,OI0001,664664614401520535,664664614500000000,9787.0,9786.0,9785.0,9784.0,9783.0,9788.0,9789.0,9790.0,9791.0,9792.0,19,13,20,12,13,1,43,8,27,16,9788.0,11821,1155127710.0,0.0,1155127710.0,-0.015165999999226187,EsunnyL2,20210125
1399,20210125,OI0001,664664614651575263,664664614750000000,9787.0,9786.0,9785.0,9784.0,9783.0,9788.0,9789.0,9790.0,9791.0,9792.0,19,13,20,12,13,3,45,9,27,16,9788.0,11821,1155127710.0,0.0,1155127710.0,-0.03972000000067055,EsunnyL2,20210125
1401,20210125,OI0001,664664614901657423,664664615000000000,9787.0,9786.0,9785.0,9784.0,9783.0,9788.0,9789.0,9790.0,9791.0,9792.0,18,13,20,12,13,8,45,10,27,16,9788.0,11821,1155127710.0,0.0,1155127710.0,-0.1145489999998972,EsunnyL2,20210125
1404,20210125,OI0001,664664615151737405,664664615250000000,9787.0,9786.0,9785.0,9784.0,9783.0,9788.0,9789.0,9790.0,9791.0,9792.0,16,13,20,12,13,14,46,10,27,16,9787.0,11823,1155323450.0,0.0,1155323450.0,-0.16044899999906193,EsunnyL2,20210125
1406,20210125,OI0001,664664615401816983,664664615500000000,9786.0,9785.0,9784.0,9783.0,9782.0,9788.0,9789.0,9790.0,9791.0,9792.0,15,20,12,13,50,15,59,10,27,16,9787.0,11841,1157085110.0,0.0,1157085110.0,0.05550600000060513,EsunnyL2,20210125
1408,20210125,OI0001,664664615652192069,664664615750000000,9786.0,9785.0,9784.0,9783.0,9782.0,9787.0,9788.0,9789.0,9790.0,9791.0,10,20,12,13,50,6,15,59,10,28,9786.0,11845,1157476550.0,0.0,1157476550.0,-0.07482400000117195,EsunnyL2,20210125
1409,20210125,OI0001,664664615902153899,664664616000000000,9786.0,9785.0,9784.0,9783.0,9782.0,9787.0,9788.0,9789.0,9790.0,9791.0,6,20,12,13,50,6,15,59,10,28,9787.0,11846,1157574420.0,1.0,97870.0,-0.03097699999852921,EsunnyL2,20210125
1410,20210125,OI0001,664664616152206992,664664616250000000,9786.0,9785.0,9784.0,9783.0,9782.0,9787.0,9788.0,9789.0,9790.0,9791.0,6,20,12,13,50,6,26,52,11,28,9787.0,11846,1157574420.0,0.0,0.0,-0.01572899999882793,EsunnyL2,20210125
1412,20210125,OI0001,664664616402329973,664664616500000000,9786.0,9785.0,9784.0,9783.0,9782.0,9787.0,9788.0,9789.0,9790.0,9791.0,2,20,12,13,50,7,25,52,11,28,9786.0,11850,1157965860.0,0.0,-16140.0,0.10574399999859452,EsunnyL2,20210125
1413,20210125,OI0001,664664616652381455,664664616750000000,9786.0,9785.0,9784.0,9783.0,9782.0,9787.0,9788.0,9789.0,9790.0,9791.0,4,20,12,13,50,9,25,52,22,28,9786.0,11850,1157965860.0,0.0,0.0,0.08434899999883783,EsunnyL2,20210125
1415,20210125,OI0001,664664616902537800,664664617000000000,9785.0,9784.0,9783.0,9782.0,9781.0,9787.0,9788.0,9789.0,9790.0,9791.0,22,12,13,50,3,8,25,52,22,28,9787.0,11858,1158748750.0,0.0,1158748750.0,0.0061749999986204784,EsunnyL2,20210125
1416,20210125,OI0001,664664617152546897,664664617250000000,9786.0,9785.0,9784.0,9783.0,9782.0,9787.0,9788.0,9789.0,9790.0,9791.0,2,20,12,13,50,12,28,52,22,28,9787.0,11859,1158846620.0,0.0,1158846620.0,0.004711000001407228,EsunnyL2,20210125
1418,20210125,OI0001,664664617402841186,664664617500000000,9785.0,9784.0,9783.0,9782.0,9781.0,9787.0,9788.0,9789.0,9790.0,9791.0,22,12,13,50,5,12,28,52,22,28,9786.0,11861,1159042340.0,2.0,195720.0,0.023090000000593136,EsunnyL2,20210125
1419,20210125,OI0001,664664617652772406,664664617750000000,9785.0,9784.0,9783.0,9782.0,9781.0,9786.0,9787.0,9788.0,9789.0,9790.0,24,12,13,50,5,1,11,28,52,22,9787.0,11863,1159238080.0,2.0,195740.0,0.14011199999913515,EsunnyL2,20210125
1421,20210125,OI0001,664664617902963864,664664618000000000,9786.0,9785.0,9784.0,9783.0,9782.0,9787.0,9788.0,9789.0,9790.0,9791.0,1,18,12,13,50,11,28,52,22,32,9786.0,11865,1159433800.0,0.0,1159433800.0,0.09747000000061234,EsunnyL2,20210125
1422,20210125,OI0001,664664618152980191,664664618250000000,9785.0,9784.0,9783.0,9782.0,9781.0,9786.0,9787.0,9788.0,9789.0,9790.0,19,12,13,50,5,3,11,28,52,28,9785.0,11873,1160216660.0,0.0,1160216660.0,-0.15106500000001688,EsunnyL2,20210125
1425,20210125,OI0001,664664618403153175,664664618500000000,9785.0,9784.0,9783.0,9782.0,9781.0,9786.0,9787.0,9788.0,9789.0,9790.0,19,12,13,50,5,4,11,28,52,28,9786.0,11875,1160412380.0,0.0,1160412380.0,-0.0884989999995014,EsunnyL2,20210125
1427,20210125,OI0001,664664618653266558,664664618750000000,9786.0,9785.0,9784.0,9783.0,9782.0,9787.0,9788.0,9789.0,9790.0,9791.0,2,17,12,13,50,11,29,52,28,32,9786.0,11882,1161097380.0,0.0,1161097380.0,0.05690599999979895,EsunnyL2,20210125
1429,20210125,OI0001,664664618903357660,664664619000000000,9786.0,9785.0,9784.0,9783.0,9782.0,9788.0,9789.0,9790.0,9791.0,9792.0,5,17,12,13,50,33,51,28,32,18,9787.0,11890,1161880340.0,0.0,1161880340.0,0.26980299999922863,EsunnyL2,20210125
1431,20210125,OI0001,664664619153331853,664664619250000000,9786.0,9785.0,9784.0,9783.0,9782.0,9788.0,9789.0,9790.0,9791.0,9792.0,50,17,13,13,50,34,51,28,32,18,9787.0,11892,1162076080.0,0.0,1162076080.0,0.24545100000068487,EsunnyL2,20210125
1432,20210125,OI0001,664664619403483141,664664619500000000,9787.0,9786.0,9785.0,9784.0,9783.0,9788.0,9789.0,9790.0,9791.0,9792.0,15,53,17,13,12,33,51,28,32,18,9787.0,11892,1162076080.0,0.0,1162076080.0,0.6161380000012286,EsunnyL2,20210125
1435,20210125,OI0001,664664619653643374,664664619750000000,9787.0,9786.0,9785.0,9784.0,9783.0,9789.0,9790.0,9791.0,9792.0,9793.0,16,53,17,13,12,50,28,32,18,29,9789.0,11926,1165404010.0,0.0,1165404010.0,0.2982159999992291,EsunnyL2,20210125
1436,20210125,OI0001,664664619903580422,664664620000000000,9789.0,9788.0,9787.0,9786.0,9785.0,9790.0,9791.0,9792.0,9793.0,9794.0,1,7,16,53,18,28,32,18,29,7,9788.0,11977,1170396390.0,0.0,1170396390.0,0.08799999999973807,EsunnyL2,20210125
1438,20210125,OI0001,664664620153892272,664664620250000000,9789.0,9788.0,9787.0,9786.0,9785.0,9790.0,9791.0,9792.0,9793.0,9794.0,3,9,17,53,16,28,32,18,29,7,9789.0,11979,1170592170.0,0.0,1170592170.0,0.34006399999998393,EsunnyL2,20210125
1441,20210125,OI0001,664664620403873614,664664620500000000,9789.0,9788.0,9787.0,9786.0,9785.0,9790.0,9791.0,9792.0,9793.0,9794.0,8,9,17,53,17,34,32,18,29,7,9789.0,11979,1170592170.0,0.0,4290.0,0.1691339999997581,EsunnyL2,20210125
1442,20210125,OI0001,664664620654076081,664664620750000000,9789.0,9788.0,9787.0,9786.0,9785.0,9790.0,9791.0,9792.0,9793.0,9794.0,3,10,17,53,17,34,32,18,29,7,9789.0,11980,1170690060.0,0.0,1170690060.0,-0.013091000000713393,EsunnyL2,20210125
1444,20210125,OI0001,664664620904113963,664664621000000000,9789.0,9788.0,9787.0,9786.0,9785.0,9790.0,9791.0,9792.0,9793.0,9794.0,2,10,17,53,17,34,32,18,29,7,9789.0,11980,1170690060.0,0.0,1170690060.0,-0.11246399999981804,EsunnyL2,20210125
1447,20210125,OI0001,664664621154305629,664664621250000000,9789.0,9788.0,9787.0,9786.0,9785.0,9790.0,9791.0,9792.0,9793.0,9794.0,1,10,17,61,17,34,32,18,29,7,9789.0,11981,1170787950.0,0.0,1170787950.0,-0.09027099999912025,EsunnyL2,20210125
1448,20210125,OI0001,664664621404245957,664664621500000000,9789.0,9788.0,9787.0,9786.0,9785.0,9790.0,9791.0,9792.0,9793.0,9794.0,2,10,17,61,17,54,32,18,29,7,9789.0,11981,1170787950.0,0.0,1170787950.0,-0.2304359999998269,EsunnyL2,20210125
1450,20210125,OI0001,664664621659538093,664664621750000000,9788.0,9787.0,9786.0,9785.0,9784.0,9789.0,9790.0,9791.0,9792.0,9793.0,10,17,61,18,13,1,53,32,18,29,9789.0,11983,1170983740.0,2.0,195790.0,0.06698099999994156,EsunnyL2,20210125
1451,20210125,OI0001,664664621904507621,664664622000000000,9788.0,9787.0,9786.0,9785.0,9784.0,9789.0,9790.0,9791.0,9792.0,9793.0,8,17,53,18,13,8,54,32,18,29,9788.0,11985,1171179500.0,0.0,1171179500.0,-0.2531570000010106,EsunnyL2,20210125
1454,20210125,OI0001,664664622154724862,664664622250000000,9787.0,9786.0,9785.0,9784.0,9783.0,9789.0,9790.0,9791.0,9792.0,9793.0,18,53,18,13,12,40,54,32,18,29,9788.0,11993,1171962540.0,0.0,1171962540.0,-0.23730500000056054,EsunnyL2,20210125
1455,20210125,OI0001,664664622404735274,664664622500000000,9787.0,9786.0,9785.0,9784.0,9783.0,9788.0,9789.0,9790.0,9791.0,9792.0,14,53,18,13,12,13,45,55,32,18,9788.0,11993,1171962540.0,0.0,1171962540.0,-0.5755480000007083,EsunnyL2,20210125
1458,20210125,OI0001,664664622654838737,664664622750000000,9786.0,9785.0,9784.0,9783.0,9782.0,9788.0,9789.0,9790.0,9791.0,9792.0,52,18,13,12,50,14,51,51,32,18,9786.0,12009,1173528440.0,0.0,1173528440.0,-0.08561999999983527,EsunnyL2,20210125
1459,20210125,OI0001,664664622904824055,664664623000000000,9786.0,9786.0,9785.0,9784.0,9783.0,9787.0,9790.0,9791.0,9792.0,9793.0,52,19,15,8,13,1,17,21,15,30,9787.0,12011,0.0,2.0,-1173528440.0,-0.015048000001115724,EFH_SF,20210125
1461,20210125,OI0001,664664623155001158,664664623250000000,9786.0,9785.0,9784.0,9783.0,9782.0,9787.0,9788.0,9789.0,9790.0,9791.0,50,18,13,12,50,3,16,52,52,32,9787.0,12014,1174017790.0,0.0,1174017790.0,-0.19371200000023236,EsunnyL2,20210125
1463,20210125,OI0001,664664623405553343,664664623500000000,9786.0,9785.0,9784.0,9783.0,9782.0,9787.0,9788.0,9789.0,9790.0,9791.0,50,18,13,12,50,8,16,52,52,33,9787.0,12014,1174017790.0,0.0,1174017790.0,-0.4419319999997242,EsunnyL2,20210125
1464,20210125,OI0001,664664623655263156,664664623750000000,9785.0,9784.0,9783.0,9782.0,9781.0,9786.0,9787.0,9788.0,9789.0,9790.0,19,14,12,50,5,2,10,16,54,52,9786.0,12064,1178910790.0,0.0,1178910790.0,-0.4581029999990278,EsunnyL2,20210125
1467,20210125,OI0001,664664623905253802,664664624000000000,9785.0,9784.0,9783.0,9782.0,9781.0,9786.0,9787.0,9788.0,9789.0,9790.0,19,14,12,50,5,13,11,14,65,52,9786.0,12064,1178910790.0,0.0,1178910790.0,-0.2913399999997637,EsunnyL2,20210125
1468,20210125,OI0001,664664624155379052,664664624250000000,9785.0,9784.0,9783.0,9782.0,9781.0,9786.0,9787.0,9788.0,9789.0,9790.0,20,14,12,50,5,12,9,14,65,53,9786.0,12065,1179008650.0,0.0,1179008650.0,0.0291960000013205,EsunnyL2,20210125
1470,20210125,OI0001,664664624405451464,664664624500000000,9785.0,9784.0,9783.0,9782.0,9781.0,9786.0,9787.0,9788.0,9789.0,9790.0,20,14,15,50,5,13,9,12,65,66,9786.0,12065,1179008650.0,0.0,1179008650.0,-0.14561200000025565,EsunnyL2,20210125
1473,20210125,OI0001,664664624655592865,664664624750000000,9785.0,9784.0,9783.0,9782.0,9781.0,9787.0,9788.0,9789.0,9790.0,9791.0,19,14,15,50,5,9,12,65,66,33,9785.0,12080,1180476530.0,0.0,18930.0,-0.12884699999995064,EsunnyL2,20210125
1474,20210125,OI0001,664664624905640328,664664625000000000,9785.0,9784.0,9783.0,9782.0,9781.0,9786.0,9787.0,9788.0,9789.0,9790.0,13,14,15,50,5,3,9,12,65,76,9785.0,12090,1181455030.0,0.0,1181455030.0,-0.07292600000073435,EsunnyL2,20210125
1477,20210125,OI0001,664664625155778599,664664625250000000,9785.0,9784.0,9783.0,9782.0,9781.0,9786.0,9787.0,9788.0,9789.0,9790.0,12,14,15,50,5,2,9,12,66,76,9785.0,12095,1181944310.0,0.0,1181944310.0,-0.1459820000000036,EsunnyL2,20210125
1478,20210125,OI0001,664664625405913634,664664625500000000,9785.0,9784.0,9783.0,9782.0,9781.0,9786.0,9787.0,9788.0,9789.0,9790.0,12,14,15,50,5,2,9,12,66,76,9785.0,12096,1182042160.0,0.0,1182042160.0,-0.09510500000033062,EsunnyL2,20210125
1481,20210125,OI0001,664664625655977163,664664625750000000,9786.0,9785.0,9784.0,9783.0,9782.0,9787.0,9788.0,9789.0,9790.0,9791.0,8,8,14,15,50,10,12,66,76,33,9786.0,12102,1182629280.0,0.0,1182629280.0,0.03218899999956193,EsunnyL2,20210125
1482,20210125,OI0001,664664625906084789,664664626000000000,9785.0,9784.0,9783.0,9782.0,9781.0,9787.0,9788.0,9789.0,9790.0,9791.0,8,14,15,50,5,10,12,67,77,33,9786.0,12110,1183412160.0,0.0,1183412160.0,0.06230599999980768,EsunnyL2,20210125
1484,20210125,OI0001,664664626174305514,664664626250000000,9785.0,9784.0,9783.0,9782.0,9781.0,9786.0,9787.0,9788.0,9789.0,9790.0,10,14,15,50,5,3,13,12,67,77,9786.0,12110,1183412160.0,0.0,0.0,0.3842919999988226,EsunnyL2,20210125
1486,20210125,OI0001,664664626406319274,664664626500000000,9785.0,9784.0,9783.0,9782.0,9781.0,9787.0,9788.0,9789.0,9790.0,9791.0,7,14,15,50,5,14,12,67,79,33,9785.0,12118,1184195010.0,0.0,24050.0,0.2242630000000645,EsunnyL2,20210125
