refId,direction,of_flag,volume,initVolume,tradePrice,fillType,orderSentTime,executeTime,submitType,drivenType,isDetecting,qBeforeTrade,AS_OF_DATE
10001,-1,1,1,1,9771.0,1,2021-01-22 21:00:00.052264923,2021-01-22 21:00:00.302438390,1,0,False,,20210125.0
10003,-1,1,1,1,9767.0,2,2021-01-22 21:00:02.554250468,2021-01-22 21:00:02.803980611,2,0,False,,20210125.0
10004,1,2,1,1,9764.0,1,2021-01-22 21:00:06.555924520,2021-01-22 21:00:06.806130638,2,0,False,,20210125.0
10005,1,1,1,1,9762.0,4,2021-01-22 21:00:07.056197397,2021-01-22 21:00:07.556449227,0,0,False,0.0,20210125.0
10006,1,2,1,1,9762.0,3,2021-01-22 21:00:07.306342219,2021-01-22 21:00:08.056823888,0,0,False,2.0,20210125.0
10007,1,1,1,1,9763.0,3,2021-01-22 21:00:08.056823888,2021-01-22 21:00:10.057838966,0,0,False,2.0,20210125.0
10008,-1,2,1,1,9766.0,1,2021-01-22 21:00:10.057838966,2021-01-22 21:00:10.307859370,2,0,False,,20210125.0
10009,-1,2,1,1,9767.0,1,2021-01-22 21:00:11.058179865,2021-01-22 21:00:11.308296239,0,0,False,,20210125.0
10010,1,1,1,1,9767.0,4,2021-01-22 21:00:11.308296239,2021-01-22 21:00:11.808633962,1,0,False,0.0,20210125.0
10011,1,1,1,1,9767.0,4,2021-01-22 21:00:11.558430910,2021-01-22 21:00:12.308866884,0,0,False,0.0,20210125.0
10012,-1,2,1,1,9768.0,3,2021-01-22 21:00:12.809393573,2021-01-22 21:00:13.059277882,1,0,False,,20210125.0
10013,-1,2,1,1,9766.0,1,2021-01-22 21:00:13.309426104,2021-01-22 21:00:13.559486030,1,0,False,,20210125.0
10014,1,1,1,1,9766.0,1,2021-01-22 21:00:13.559486030,2021-01-22 21:00:14.309904750,1,0,False,1.0,20210125.0
10015,1,1,1,1,9766.0,1,2021-01-22 21:00:14.059752914,2021-01-22 21:00:14.309904750,0,0,False,,20210125.0
10016,-1,2,1,1,9766.0,4,2021-01-22 21:00:14.811400265,2021-01-22 21:00:15.311745995,0,0,False,0.0,20210125.0
10017,1,1,1,1,9764.0,1,2021-01-22 21:00:16.315476155,2021-01-22 21:00:17.812847798,0,0,False,2.0,20210125.0
10018,-1,2,1,1,9769.0,1,2021-01-22 21:00:20.564635398,2021-01-22 21:00:21.064811849,0,0,False,3.0,20210125.0
10021,-1,2,1,1,9767.0,3,2021-01-22 21:00:22.567096142,2021-01-22 21:00:23.317558084,0,0,False,1.0,20210125.0
10019,-1,1,1,1,9769.0,3,2021-01-22 21:00:21.819401401,2021-01-22 21:00:23.317558084,0,0,False,5.0,20210125.0
10020,-1,1,1,1,9769.0,3,2021-01-22 21:00:22.067189024,2021-01-22 21:00:23.317558084,0,0,False,5.0,20210125.0
10022,1,2,1,1,9766.0,3,2021-01-22 21:00:23.317558084,2021-01-22 21:00:24.068356269,0,0,False,2.0,20210125.0
10023,1,2,1,1,9766.0,3,2021-01-22 21:00:23.567626959,2021-01-22 21:00:24.068356269,0,0,False,13.0,20210125.0
10024,1,1,1,1,9765.0,1,2021-01-22 21:00:24.818741910,2021-01-22 21:00:25.068952959,1,0,False,,20210125.0
10026,-1,1,1,1,9762.0,3,2021-01-22 21:00:26.319574103,2021-01-22 21:00:26.819684440,1,0,False,1.0,20210125.0
10027,1,1,1,1,9762.0,4,2021-01-22 21:00:27.820132227,2021-01-22 21:00:28.320384224,0,0,False,0.0,20210125.0
10025,-1,2,1,1,9765.0,3,2021-01-22 21:00:25.068952959,2021-01-22 21:00:29.320841371,1,0,False,0.0,20210125.0
10029,1,2,1,1,9764.0,3,2021-01-22 21:00:29.821081435,2021-01-22 21:00:31.321821962,0,0,False,22.0,20210125.0
10028,1,1,1,1,9762.0,3,2021-01-22 21:00:28.070261325,2021-01-22 21:00:31.321821962,0,0,False,6.0,20210125.0
10030,-1,2,1,1,9766.0,1,2021-01-22 21:00:31.321821962,2021-01-22 21:00:31.821998269,0,0,False,6.0,20210125.0
10031,1,1,1,1,9767.0,1,2021-01-22 21:00:32.572329433,2021-01-22 21:00:32.822513613,0,0,False,,20210125.0
10032,-1,2,1,1,9767.0,1,2021-01-22 21:00:32.822513613,2021-01-22 21:00:33.072618026,1,0,False,,20210125.0
10033,1,1,1,1,9767.0,1,2021-01-22 21:00:33.072618026,2021-01-22 21:00:33.322856209,0,0,False,,20210125.0
10034,-1,2,1,1,9768.0,3,2021-01-22 21:00:33.322856209,2021-01-22 21:00:35.323670406,0,0,False,22.0,20210125.0
10035,-1,2,1,1,9766.0,1,2021-01-22 21:00:37.324579972,2021-01-22 21:00:37.824707854,0,0,False,6.0,20210125.0
10036,1,1,1,1,9766.0,3,2021-01-22 21:00:38.324931095,2021-01-22 21:00:39.075140545,0,0,False,7.0,20210125.0
10037,-1,2,1,1,9767.0,3,2021-01-22 21:00:39.325465780,2021-01-22 21:00:40.325793160,0,0,False,8.0,20210125.0
10038,-1,1,1,1,9766.0,4,2021-01-22 21:00:40.325793160,2021-01-22 21:00:40.826037562,1,0,False,0.0,20210125.0
10039,1,2,1,1,9767.0,1,2021-01-22 21:00:41.326322381,2021-01-22 21:00:41.576489045,1,0,False,,20210125.0
10040,1,1,1,1,9766.0,1,2021-01-22 21:00:41.576489045,2021-01-22 21:00:41.826594398,0,0,False,,20210125.0
10042,-1,1,1,1,9765.0,1,2021-01-22 21:00:42.577045092,2021-01-22 21:00:42.826982889,0,0,False,,20210125.0
10041,-1,2,1,1,9766.0,3,2021-01-22 21:00:41.826594398,2021-01-22 21:00:43.327175776,0,0,False,16.0,20210125.0
10043,1,2,1,1,9766.0,1,2021-01-22 21:00:43.327175776,2021-01-22 21:00:43.577435739,2,0,False,,20210125.0
10044,1,1,1,1,9766.0,1,2021-01-22 21:00:43.577435739,2021-01-22 21:00:43.827389300,2,0,False,,20210125.0
10045,-1,2,1,1,9766.0,4,2021-01-22 21:00:44.827883259,2021-01-22 21:00:45.328182883,0,0,False,0.0,20210125.0
10046,-1,1,1,1,9766.0,3,2021-01-22 21:00:45.578242201,2021-01-22 21:00:46.328487188,0,0,False,1.0,20210125.0
10047,1,2,1,1,9764.0,1,2021-01-22 21:00:48.079182759,2021-01-22 21:00:48.329332551,0,0,False,,20210125.0
10048,-1,1,1,1,9764.0,1,2021-01-22 21:00:48.579551243,2021-01-22 21:00:48.829608355,1,0,False,,20210125.0
10049,1,2,1,1,9763.0,1,2021-01-22 21:00:49.079605268,2021-01-22 21:00:49.329769958,0,0,False,,20210125.0
10050,1,1,1,1,9762.0,3,2021-01-22 21:00:49.329769958,2021-01-22 21:00:50.079917722,0,0,False,14.0,20210125.0
10051,-1,2,1,1,9766.0,3,2021-01-22 21:00:50.079917722,2021-01-22 21:00:50.330109017,1,0,False,,20210125.0
10052,-1,1,1,1,9766.0,3,2021-01-22 21:00:50.330109017,2021-01-22 21:00:51.330763376,0,0,False,3.0,20210125.0
10053,-1,1,1,1,9766.0,3,2021-01-22 21:00:51.080526655,2021-01-22 21:00:51.330763376,0,0,False,,20210125.0
10054,1,2,1,1,9765.0,1,2021-01-22 21:00:51.330763376,2021-01-22 21:00:51.580817695,0,0,False,,20210125.0
10055,1,2,1,1,9766.0,3,2021-01-22 21:00:52.331208085,2021-01-22 21:00:53.081302460,0,0,False,25.0,20210125.0
10056,-1,1,1,1,9767.0,3,2021-01-22 21:00:53.331559705,2021-01-22 21:00:54.332025858,1,0,False,0.0,20210125.0
10057,1,2,1,1,9766.0,1,2021-01-22 21:00:54.832181604,2021-01-22 21:00:55.082326933,1,0,False,,20210125.0
10058,1,1,1,1,9766.0,1,2021-01-22 21:00:55.082326933,2021-01-22 21:00:55.582553592,1,0,False,,20210125.0
10059,-1,2,1,1,9766.0,1,2021-01-22 21:00:56.832948798,2021-01-22 21:00:57.082937613,0,0,False,,20210125.0
10060,-1,1,1,1,9766.0,3,2021-01-22 21:00:57.082937613,2021-01-22 21:00:57.333206148,1,0,False,,20210125.0
10061,-1,1,1,1,9768.0,1,2021-01-22 21:00:57.833423509,2021-01-22 21:00:58.333601202,1,0,False,2.0,20210125.0
10062,1,2,1,1,9768.0,3,2021-01-22 21:00:59.084028516,2021-01-22 21:00:59.333980383,0,0,False,,20210125.0
10063,1,2,1,1,9769.0,1,2021-01-22 21:00:59.333980383,2021-01-22 21:01:00.334412383,2,0,False,7.0,20210125.0
10064,1,1,1,1,9770.0,1,2021-01-22 21:01:00.834660728,2021-01-22 21:01:01.084758822,2,0,False,,20210125.0
10065,-1,2,1,1,9769.0,3,2021-01-22 21:01:01.584977906,2021-01-22 21:01:02.335444042,0,0,False,11.0,20210125.0
10067,-1,1,1,1,9766.0,1,2021-01-22 21:01:02.585593785,2021-01-22 21:01:02.835573572,2,0,False,,20210125.0
10068,1,2,1,1,9766.0,3,2021-01-22 21:01:02.835573572,2021-01-22 21:01:03.085605527,1,0,False,,20210125.0
10066,-1,1,1,1,9768.0,3,2021-01-22 21:01:02.335444042,2021-01-22 21:01:03.335895431,0,0,False,8.0,20210125.0
10069,-1,1,1,1,9768.0,3,2021-01-22 21:01:03.335895431,2021-01-22 21:01:05.336823777,0,0,False,6.0,20210125.0
10070,1,2,1,1,9766.0,4,2021-01-22 21:01:06.087229194,2021-01-22 21:01:06.837607002,0,0,False,0.0,20210125.0
10071,-1,1,1,1,9770.0,3,2021-01-22 21:01:10.590242610,2021-01-22 21:01:11.340524572,0,0,False,11.0,20210125.0
10072,1,2,1,1,9769.0,3,2021-01-22 21:01:11.840769911,2021-01-22 21:01:12.090836115,0,0,False,,20210125.0
10073,1,2,1,1,9770.0,3,2021-01-22 21:01:12.841071686,2021-01-22 21:01:13.091223617,1,0,False,,20210125.0
10074,1,1,1,1,9771.0,1,2021-01-22 21:01:13.091223617,2021-01-22 21:01:13.341394505,2,0,False,,20210125.0
10075,1,1,1,1,9771.0,1,2021-01-22 21:01:13.341394505,2021-01-22 21:01:13.591527237,2,0,False,,20210125.0
10076,-1,2,1,1,9772.0,1,2021-01-22 21:01:16.842982356,2021-01-22 21:01:17.343158508,0,0,False,2.0,20210125.0
10077,-1,2,1,1,9772.0,1,2021-01-22 21:01:17.092872067,2021-01-22 21:01:17.343158508,0,0,False,,20210125.0
10078,-1,1,1,1,9772.0,1,2021-01-22 21:01:17.593237766,2021-01-22 21:01:17.843315406,1,0,False,,20210125.0
10079,1,2,1,1,9771.0,3,2021-01-22 21:01:20.844569212,2021-01-22 21:01:21.094540261,0,0,False,,20210125.0
10080,1,1,1,1,9771.0,1,2021-01-22 21:01:21.094540261,2021-01-22 21:01:22.095050697,0,0,False,9.0,20210125.0
10081,-1,2,1,1,9771.0,3,2021-01-22 21:01:22.095050697,2021-01-22 21:01:22.345188952,0,0,False,,20210125.0
10082,-1,1,1,1,9770.0,1,2021-01-22 21:01:22.595298890,2021-01-22 21:01:22.845409577,1,0,False,,20210125.0
10083,-1,1,1,1,9770.0,3,2021-01-22 21:01:22.845409577,2021-01-22 21:01:23.345613647,1,0,False,1.0,20210125.0
10084,1,2,1,1,9769.0,1,2021-01-22 21:01:23.595725906,2021-01-22 21:01:24.095910006,1,0,False,1.0,20210125.0
10085,1,2,1,1,9769.0,1,2021-01-22 21:01:24.095910006,2021-01-22 21:01:24.346147569,1,0,False,,20210125.0
10086,1,1,1,1,9769.0,3,2021-01-22 21:01:24.596089360,2021-01-22 21:01:25.096121470,1,0,False,19.0,20210125.0
10087,-1,2,1,1,9770.0,3,2021-01-22 21:01:26.096707503,2021-01-22 21:01:26.346968949,1,0,False,,20210125.0
10088,-1,1,1,1,9769.0,1,2021-01-22 21:01:26.346968949,2021-01-22 21:01:26.597149407,2,0,False,,20210125.0
10089,-1,1,1,1,9769.0,1,2021-01-22 21:01:26.597149407,2021-01-22 21:01:26.847005269,1,0,False,,20210125.0
10090,1,2,1,1,9769.0,1,2021-01-22 21:01:30.098093310,2021-01-22 21:01:30.598516923,1,0,False,3.0,20210125.0
10091,1,2,1,1,9769.0,1,2021-01-22 21:01:30.348513873,2021-01-22 21:01:30.598516923,0,0,False,,20210125.0
10092,1,1,1,1,9769.0,1,2021-01-22 21:01:30.598516923,2021-01-22 21:01:31.098750008,1,0,False,7.0,20210125.0
10094,-1,2,1,1,9767.0,1,2021-01-22 21:01:33.099405217,2021-01-22 21:01:33.349666334,0,0,False,,20210125.0
10093,-1,1,1,1,9769.0,3,2021-01-22 21:01:31.848952573,2021-01-22 21:01:33.349666334,0,0,False,19.0,20210125.0
10095,-1,1,1,1,9767.0,1,2021-01-22 21:01:34.349985808,2021-01-22 21:03:31.150162332,0,0,False,,20210125.0
10096,1,2,1,1,9787.0,1,2021-01-22 21:03:32.400684247,2021-01-22 21:03:35.401816983,0,0,False,0.0,20210125.0
10097,1,2,1,1,9786.0,1,2021-01-22 21:03:36.902537800,2021-01-22 21:03:37.402841186,1,0,False,2.0,20210125.0
10098,1,1,1,1,9788.0,4,2021-01-22 21:03:39.653643374,2021-01-22 21:03:41.904507621,1,0,False,0.0,20210125.0
10099,-1,2,1,1,9789.0,3,2021-01-22 21:03:41.904507621,2021-01-22 21:03:43.155001158,0,0,False,40.0,20210125.0
10100,-1,1,1,1,9786.0,1,2021-01-22 21:03:44.655592865,2021-01-22 21:03:45.655977163,1,0,False,0.0,20210125.0
10101,1,2,1,1,9786.0,1,2021-01-22 21:03:46.906343890,2021-01-22 21:03:47.906797123,0,0,False,2.0,20210125.0
10102,-1,1,1,1,9786.0,1,2021-01-22 21:03:55.409888105,2021-01-22 21:03:56.160104645,1,0,False,2.0,20210125.0
10103,1,2,1,1,9786.0,3,2021-01-22 21:03:56.160104645,2021-01-22 21:03:57.910790062,0,0,False,5.0,20210125.0
10104,1,1,1,1,9786.0,3,2021-01-22 21:03:57.661254926,2021-01-22 21:03:57.910790062,0,0,False,,20210125.0
10105,-1,2,1,1,9787.0,3,2021-01-22 21:03:58.161048465,2021-01-22 21:04:00.162191470,0,0,False,1.0,20210125.0
10106,-1,1,1,1,9787.0,3,2021-01-22 21:03:58.911340174,2021-01-22 21:04:00.162191470,0,0,False,4.0,20210125.0
10107,-1,1,1,1,9787.0,3,2021-01-22 21:03:59.411921873,2021-01-22 21:04:00.162191470,0,0,False,4.0,20210125.0
10108,1,2,1,1,9786.0,1,2021-01-22 21:04:00.162191470,2021-01-22 21:04:01.162626795,0,0,False,6.0,20210125.0
10109,1,2,1,1,9786.0,1,2021-01-22 21:04:05.915140115,2021-01-22 21:04:06.165355624,2,0,False,,20210125.0
10112,1,1,1,1,9793.0,4,2021-01-22 21:04:09.667031031,2021-01-22 21:04:10.417094365,2,0,False,0.0,20210125.0
10113,1,1,1,1,9793.0,1,2021-01-22 21:04:10.417094365,2021-01-22 21:04:10.917260087,0,0,False,3.0,20210125.0
10114,-1,2,1,1,9794.0,4,2021-01-22 21:04:10.667149635,2021-01-22 21:04:12.167913359,0,0,False,0.0,20210125.0
10115,-1,2,1,1,9794.0,3,2021-01-22 21:04:14.668955365,2021-01-22 21:04:15.169171417,0,0,False,4.0,20210125.0
10116,-1,1,1,1,9794.0,3,2021-01-22 21:04:14.919848209,2021-01-22 21:04:15.169171417,0,0,False,,20210125.0
10117,1,2,1,1,9794.0,4,2021-01-22 21:04:15.919879408,2021-01-22 21:04:16.919961513,1,0,False,0.0,20210125.0
10118,1,1,1,1,9794.0,4,2021-01-22 21:04:16.169603364,2021-01-22 21:04:16.919961513,0,0,False,0.0,20210125.0
10119,1,1,1,1,9794.0,1,2021-01-22 21:04:17.420209532,2021-01-22 21:04:18.170468176,1,0,False,4.0,20210125.0
10120,-1,2,1,1,9794.0,1,2021-01-22 21:04:18.170468176,2021-01-22 21:04:18.420671981,0,0,False,,20210125.0
10121,-1,2,1,1,9795.0,4,2021-01-22 21:04:18.920769678,2021-01-22 21:04:19.421106368,0,0,False,0.0,20210125.0
10122,-1,1,1,1,9793.0,2,2021-01-22 21:04:21.673197210,2021-01-22 21:04:22.173458874,0,0,False,4.0,20210125.0
10123,-1,1,1,1,9793.0,1,2021-01-22 21:04:23.173826171,2021-01-22 21:04:23.673941029,0,0,False,17.0,20210125.0
10124,1,2,1,1,9794.0,1,2021-01-22 21:04:24.674416377,2021-01-22 21:04:24.924396290,0,0,False,,20210125.0
10125,-1,1,1,1,9792.0,4,2021-01-22 21:04:25.674770750,2021-01-22 21:04:26.675120823,0,0,False,0.0,20210125.0
10126,1,2,1,1,9792.0,3,2021-01-22 21:04:26.675120823,2021-01-22 21:04:26.925127836,2,0,False,,20210125.0
10128,1,2,1,1,9790.0,4,2021-01-22 21:04:30.177083509,2021-01-22 21:04:31.927807866,0,0,False,0.0,20210125.0
10129,1,1,1,1,9790.0,1,2021-01-22 21:04:31.927807866,2021-01-22 21:04:33.428324773,0,0,False,4.0,20210125.0
10130,1,1,1,1,9790.0,1,2021-01-22 21:04:32.179862174,2021-01-22 21:04:33.428324773,0,0,False,4.0,20210125.0
10127,-1,2,1,1,9792.0,3,2021-01-22 21:04:29.176119811,2021-01-22 21:04:34.178549359,0,0,False,14.0,20210125.0
10131,-1,2,1,1,9788.0,1,2021-01-22 21:04:34.178549359,2021-01-22 21:04:34.428656741,2,0,False,,20210125.0
10132,1,1,1,1,9788.0,3,2021-01-22 21:04:34.929021781,2021-01-22 21:04:35.929554169,0,0,False,1.0,20210125.0
10133,-1,2,1,1,9792.0,3,2021-01-22 21:04:35.929554169,2021-01-22 21:04:36.179670798,0,0,False,,20210125.0
10134,-1,1,1,1,9791.0,1,2021-01-22 21:04:36.179670798,2021-01-22 21:04:36.429647776,1,0,False,,20210125.0
10135,-1,1,1,1,9791.0,1,2021-01-22 21:04:36.429647776,2021-01-22 21:04:36.679814204,1,0,False,,20210125.0
10136,1,2,1,1,9789.0,1,2021-01-22 21:04:42.932228726,2021-01-22 21:04:44.432958642,0,0,False,10.0,20210125.0
10137,1,2,1,1,9789.0,1,2021-01-22 21:04:43.437244142,2021-01-22 21:04:44.432958642,0,0,False,11.0,20210125.0
10138,-1,1,1,1,9790.0,3,2021-01-22 21:04:44.933028656,2021-01-22 21:04:45.183297504,0,0,False,,20210125.0
10139,1,2,1,1,9788.0,4,2021-01-22 21:04:45.933624616,2021-01-22 21:04:47.684322245,0,0,False,0.0,20210125.0
10140,-1,1,1,1,9787.0,1,2021-01-22 21:04:50.935586615,2021-01-22 21:04:51.435942863,0,0,False,2.0,20210125.0
10141,-1,1,1,1,9787.0,1,2021-01-22 21:04:51.185738278,2021-01-22 21:04:51.435942863,0,0,False,,20210125.0
10142,1,2,1,1,9787.0,4,2021-01-22 21:04:51.435942863,2021-01-22 21:04:52.436245548,0,0,False,0.0,20210125.0
10143,-1,1,1,1,9788.0,1,2021-01-22 21:04:52.436245548,2021-01-22 21:04:52.936252586,1,0,False,5.0,20210125.0
10144,1,2,1,1,9788.0,1,2021-01-22 21:04:53.186803462,2021-01-22 21:04:54.937295080,1,0,False,5.0,20210125.0
10145,1,2,1,1,9787.0,1,2021-01-22 21:04:55.687550889,2021-01-22 21:04:55.937514073,0,0,False,,20210125.0
10146,1,1,1,1,9788.0,3,2021-01-22 21:04:58.188588428,2021-01-22 21:04:58.938628056,1,0,False,14.0,20210125.0
10147,-1,2,1,1,9792.0,1,2021-01-22 21:05:00.439338039,2021-01-22 21:05:01.690120975,0,0,False,37.0,20210125.0
10148,-1,1,1,1,9792.0,1,2021-01-22 21:05:01.940286866,2021-01-22 21:05:02.190421949,0,0,False,,20210125.0
10149,-1,1,1,1,9792.0,3,2021-01-22 21:05:02.440395314,2021-01-22 21:05:03.190844873,0,0,False,5.0,20210125.0
10151,1,2,1,1,9793.0,3,2021-01-22 21:05:04.691359249,2021-01-22 21:05:04.941343067,0,0,False,,20210125.0
10150,1,2,1,1,9791.0,3,2021-01-22 21:05:03.690982692,2021-01-22 21:05:04.941343067,0,0,False,31.0,20210125.0
10152,1,1,1,1,9794.0,4,2021-01-22 21:05:04.941343067,2021-01-22 21:05:05.691945231,1,0,False,0.0,20210125.0
10153,-1,2,1,1,9794.0,3,2021-01-22 21:05:05.691945231,2021-01-22 21:05:06.192198036,2,0,False,28.0,20210125.0
10154,-1,1,1,1,9794.0,3,2021-01-22 21:05:05.941862465,2021-01-22 21:05:06.192198036,0,0,False,,20210125.0
10155,1,2,1,1,9793.0,1,2021-01-22 21:05:07.192400464,2021-01-22 21:05:08.942934566,0,0,False,4.0,20210125.0
10157,1,1,1,1,9793.0,3,2021-01-22 21:05:09.443527697,2021-01-22 21:05:09.943629112,1,0,False,4.0,20210125.0
10156,-1,2,1,1,9794.0,3,2021-01-22 21:05:09.193298372,2021-01-22 21:05:10.193849280,0,0,False,13.0,20210125.0
10158,-1,1,1,1,9794.0,1,2021-01-22 21:05:10.443998842,2021-01-22 21:05:10.945051100,0,0,False,11.0,20210125.0
10159,1,2,1,1,9794.0,4,2021-01-22 21:05:11.444543007,2021-01-22 21:05:12.694862069,0,0,False,0.0,20210125.0
10160,1,1,1,1,9794.0,2,2021-01-22 21:05:14.695582910,2021-01-22 21:05:14.945691245,0,0,False,,20210125.0
10161,1,1,1,1,9792.0,1,2021-01-22 21:05:20.449024995,2021-01-22 21:05:20.698018867,1,0,False,,20210125.0
10162,-1,2,1,1,9792.0,4,2021-01-22 21:05:22.448579734,2021-01-22 21:05:22.948764079,1,0,False,0.0,20210125.0
10163,-1,2,1,1,9791.0,1,2021-01-22 21:05:23.448936459,2021-01-22 21:05:23.949197825,1,0,False,12.0,20210125.0
10164,-1,1,1,1,9791.0,3,2021-01-22 21:05:23.949197825,2021-01-22 21:05:24.199355145,1,0,False,,20210125.0
10165,-1,1,1,1,9791.0,1,2021-01-22 21:05:24.199355145,2021-01-22 21:05:24.449385341,0,0,False,,20210125.0
10166,1,2,1,1,9790.0,3,2021-01-22 21:05:25.700210072,2021-01-22 21:05:25.950168134,1,0,False,,20210125.0
10167,-1,1,1,1,9791.0,1,2021-01-22 21:05:26.200323805,2021-01-22 21:05:26.450443623,0,0,False,,20210125.0
10168,1,2,1,1,9792.0,3,2021-01-22 21:05:26.711473929,2021-01-22 21:05:26.950721121,0,0,False,,20210125.0
10169,1,2,1,1,9792.0,3,2021-01-22 21:05:26.950721121,2021-01-22 21:05:27.951127038,0,0,False,18.0,20210125.0
10170,1,1,1,1,9792.0,3,2021-01-22 21:05:27.200716153,2021-01-22 21:05:27.951127038,0,0,False,18.0,20210125.0
10172,1,1,1,1,9792.0,3,2021-01-22 21:05:27.951127038,2021-01-22 21:05:28.951307467,0,0,False,27.0,20210125.0
10173,-1,2,1,1,9793.0,1,2021-01-22 21:05:28.951307467,2021-01-22 21:05:29.203230864,2,0,False,,20210125.0
10174,-1,2,1,1,9793.0,1,2021-01-22 21:05:29.203230864,2021-01-22 21:05:29.451618458,1,0,False,,20210125.0
10175,-1,1,1,1,9793.0,1,2021-01-22 21:05:29.451618458,2021-01-22 21:05:29.951658664,1,0,False,1.0,20210125.0
10176,-1,1,1,1,9793.0,1,2021-01-22 21:05:29.701696902,2021-01-22 21:05:29.951658664,0,0,False,,20210125.0
10177,1,2,1,1,9792.0,3,2021-01-22 21:05:31.952365400,2021-01-22 21:05:32.962698610,0,0,False,2.0,20210125.0
10178,1,2,1,1,9792.0,3,2021-01-22 21:05:32.202653238,2021-01-22 21:05:32.962698610,0,0,False,10.0,20210125.0
10179,1,1,1,1,9792.0,3,2021-01-22 21:05:32.452663673,2021-01-22 21:05:32.962698610,0,0,False,10.0,20210125.0
10180,1,1,1,1,9794.0,3,2021-01-22 21:05:32.962698610,2021-01-22 21:05:33.953299346,1,0,False,6.0,20210125.0
10181,-1,2,1,1,9797.0,1,2021-01-22 21:05:35.454084774,2021-01-22 21:05:35.704218099,2,0,False,,20210125.0
10182,1,1,1,1,9797.0,3,2021-01-22 21:05:35.704218099,2021-01-22 21:05:35.954117946,1,0,False,,20210125.0
10183,-1,2,1,1,9797.0,3,2021-01-22 21:05:36.454510795,2021-01-22 21:05:38.205160202,0,0,False,2.0,20210125.0
10184,-1,2,1,1,9797.0,3,2021-01-22 21:05:36.704608359,2021-01-22 21:05:38.205160202,0,0,False,9.0,20210125.0
10186,1,1,1,1,9795.0,3,2021-01-22 21:05:40.706008228,2021-01-22 21:05:40.955951820,1,0,False,,20210125.0
10187,-1,2,1,1,9797.0,3,2021-01-22 21:05:44.957637044,2021-01-22 21:05:45.207872970,0,0,False,,20210125.0
10188,-1,1,1,1,9795.0,1,2021-01-22 21:05:45.458069510,2021-01-22 21:05:45.708035790,1,0,False,,20210125.0
10189,1,2,1,1,9795.0,3,2021-01-22 21:05:46.208225158,2021-01-22 21:05:46.958353440,1,0,False,1.0,20210125.0
10190,1,1,1,1,9795.0,3,2021-01-22 21:05:46.458367745,2021-01-22 21:05:46.958353440,0,0,False,1.0,20210125.0
10191,-1,2,1,1,9794.0,3,2021-01-22 21:05:48.709125252,2021-01-22 21:05:50.209769259,0,0,False,10.0,20210125.0
10192,-1,1,1,1,9794.0,1,2021-01-22 21:05:54.461614461,2021-01-22 21:05:56.462415460,1,0,False,0.0,20210125.0
10193,-1,1,1,1,9794.0,1,2021-01-22 21:05:54.711668433,2021-01-22 21:05:56.462415460,0,0,False,11.0,20210125.0
10197,1,1,1,1,9797.0,1,2021-01-22 21:06:02.214924403,2021-01-22 21:06:02.715170272,0,0,False,1.0,20210125.0
10196,1,2,1,1,9796.0,1,2021-01-22 21:06:00.964354568,2021-01-22 21:06:02.965064224,0,0,False,5.0,20210125.0
10195,1,2,1,1,9795.0,3,2021-01-22 21:06:00.464029247,2021-01-22 21:06:02.965064224,0,0,False,59.0,20210125.0
10194,1,1,1,1,9794.0,3,2021-01-22 21:05:59.213437013,2021-01-22 21:06:02.965064224,0,0,False,2.0,20210125.0
10198,-1,2,1,1,9796.0,1,2021-01-22 21:06:02.965064224,2021-01-22 21:06:03.215225966,1,0,False,,20210125.0
10201,-1,2,1,1,9796.0,3,2021-01-22 21:06:03.715303615,2021-01-22 21:06:04.221702215,0,0,False,11.0,20210125.0
10202,-1,1,1,1,9796.0,3,2021-01-22 21:06:06.716934890,2021-01-22 21:06:07.217120494,0,0,False,7.0,20210125.0
10203,-1,1,1,1,9796.0,3,2021-01-22 21:06:06.966837793,2021-01-22 21:06:07.217120494,0,0,False,,20210125.0
10204,1,2,1,1,9798.0,3,2021-01-22 21:06:11.969684369,2021-01-22 21:06:12.971420709,1,0,False,14.0,20210125.0
10205,-1,1,1,1,9798.0,3,2021-01-22 21:06:13.971852440,2021-01-22 21:06:15.222472619,0,0,False,6.0,20210125.0
10206,1,2,1,1,9794.0,3,2021-01-22 21:06:20.474672779,2021-01-22 21:06:20.974615605,0,0,False,7.0,20210125.0
10207,1,2,1,1,9796.0,3,2021-01-22 21:06:21.975142845,2021-01-22 21:06:22.975371926,0,0,False,15.0,20210125.0
10208,1,1,1,1,9794.0,3,2021-01-22 21:06:23.725946674,2021-01-22 21:06:23.976002828,0,0,False,,20210125.0
10209,-1,2,1,1,9794.0,1,2021-01-22 21:06:24.976261395,2021-01-22 21:06:25.226509418,1,0,False,,20210125.0
10210,-1,1,1,1,9794.0,1,2021-01-22 21:06:25.226509418,2021-01-22 21:06:25.476564555,1,0,False,,20210125.0
10211,1,2,1,1,9794.0,1,2021-01-22 21:06:26.226932406,2021-01-22 21:06:26.476881746,0,0,False,,20210125.0
10213,1,1,1,1,9796.0,3,2021-01-22 21:06:30.728735151,2021-01-22 21:06:32.979138583,0,0,False,14.0,20210125.0
10212,1,1,1,1,9795.0,3,2021-01-22 21:06:29.978042142,2021-01-22 21:06:32.979138583,0,0,False,59.0,20210125.0
10214,-1,2,1,1,9797.0,3,2021-01-22 21:06:31.728935238,2021-01-22 21:06:33.229407414,1,0,False,1.0,20210125.0
10217,-1,2,1,1,9797.0,3,2021-01-22 21:06:33.729566274,2021-01-22 21:06:34.229735742,0,0,False,12.0,20210125.0
10218,-1,1,1,1,9796.0,1,2021-01-22 21:06:34.729887995,2021-01-22 21:06:34.979869493,2,0,False,,20210125.0
10219,-1,1,1,1,9796.0,1,2021-01-22 21:06:41.483126729,2021-01-22 21:06:41.733202790,1,0,False,,20210125.0
10220,1,2,1,1,9796.0,1,2021-01-22 21:06:42.233478782,2021-01-22 21:06:42.483734136,0,0,False,,20210125.0
10221,1,1,1,1,9796.0,4,2021-01-22 21:06:43.233802966,2021-01-22 21:06:43.734733900,1,0,False,0.0,20210125.0
10223,-1,2,1,1,9797.0,1,2021-01-22 21:06:43.983978021,2021-01-22 21:06:44.234210711,1,0,False,,20210125.0
10222,1,2,1,1,9796.0,1,2021-01-22 21:06:43.483864270,2021-01-22 21:06:45.734771474,0,0,False,18.0,20210125.0
10224,1,1,1,1,9796.0,1,2021-01-22 21:06:46.234995804,2021-01-22 21:06:47.985734097,0,0,False,7.0,20210125.0
10225,-1,2,1,1,9794.0,1,2021-01-22 21:06:54.238115728,2021-01-22 21:06:55.488496804,0,0,False,10.0,20210125.0
10226,1,1,1,1,9794.0,3,2021-01-22 21:06:55.488496804,2021-01-22 21:06:55.988549476,1,0,False,8.0,20210125.0
10228,-1,2,1,1,9796.0,3,2021-01-22 21:06:57.239151063,2021-01-22 21:06:58.239496314,0,0,False,15.0,20210125.0
10229,1,1,1,1,9795.0,1,2021-01-22 21:07:00.240191989,2021-01-22 21:07:00.490324506,2,0,False,,20210125.0
10230,1,1,1,1,9795.0,3,2021-01-22 21:07:00.740412810,2021-01-22 21:07:01.990665545,1,0,False,0.0,20210125.0
10231,-1,1,1,1,9796.0,4,2021-01-22 21:07:01.990665545,2021-01-22 21:07:03.991727102,1,0,False,0.0,20210125.0
10232,-1,2,1,1,9796.0,3,2021-01-22 21:07:02.241039983,2021-01-22 21:07:04.241985035,0,0,False,0.0,20210125.0
10233,-1,2,1,1,9796.0,3,2021-01-22 21:07:02.741558161,2021-01-22 21:07:04.241985035,0,0,False,0.0,20210125.0
10234,-1,1,1,1,9796.0,1,2021-01-22 21:07:04.492088195,2021-01-22 21:07:04.742131920,1,0,False,,20210125.0
10235,1,2,1,1,9795.0,1,2021-01-22 21:07:10.744359821,2021-01-22 21:07:10.994334213,1,0,False,,20210125.0
10236,1,2,1,1,9795.0,3,2021-01-22 21:07:11.744823401,2021-01-22 21:07:11.994880422,0,0,False,,20210125.0
10237,-1,1,1,1,9796.0,3,2021-01-22 21:07:12.245096978,2021-01-22 21:07:14.245920827,0,0,False,13.0,20210125.0
10238,-1,1,1,1,9796.0,1,2021-01-22 21:07:15.496326523,2021-01-22 21:07:15.746419983,0,0,False,,20210125.0
10239,1,2,1,1,9796.0,3,2021-01-22 21:07:16.496667794,2021-01-22 21:07:19.001483551,1,0,False,0.0,20210125.0
10240,1,2,1,1,9796.0,3,2021-01-22 21:07:16.746790254,2021-01-22 21:07:19.001483551,0,0,False,5.0,20210125.0
10241,1,1,1,1,9797.0,4,2021-01-22 21:07:19.247792671,2021-01-22 21:07:19.747997314,1,0,False,0.0,20210125.0
10242,-1,2,1,1,9797.0,1,2021-01-22 21:07:19.998108512,2021-01-22 21:07:20.248235876,1,0,False,,20210125.0
10243,-1,1,1,1,9797.0,3,2021-01-22 21:07:20.498402882,2021-01-22 21:07:21.248687842,0,0,False,36.0,20210125.0
10244,1,2,1,1,9796.0,3,2021-01-22 21:07:22.249088867,2021-01-22 21:07:22.999204287,0,0,False,11.0,20210125.0
10245,1,1,1,1,9797.0,1,2021-01-22 21:07:22.999204287,2021-01-22 21:07:23.249457307,2,0,False,,20210125.0
10246,-1,2,1,1,9797.0,3,2021-01-22 21:07:23.499592111,2021-01-22 21:07:24.249812068,1,0,False,0.0,20210125.0
10247,-1,1,1,1,9797.0,3,2021-01-22 21:07:23.749657140,2021-01-22 21:07:24.249812068,0,0,False,6.0,20210125.0
10249,-1,1,1,1,9797.0,3,2021-01-22 21:07:24.249812068,2021-01-22 21:07:24.999999611,0,0,False,18.0,20210125.0
10250,1,2,1,1,9796.0,3,2021-01-22 21:07:28.501557694,2021-01-22 21:07:29.001661363,0,0,False,13.0,20210125.0
10251,-1,1,1,1,9797.0,3,2021-01-22 21:07:32.253159905,2021-01-22 21:07:33.253508937,0,0,False,3.0,20210125.0
10252,1,2,1,1,9795.0,4,2021-01-22 21:07:34.003740226,2021-01-22 21:07:34.754114462,0,0,False,0.0,20210125.0
10253,1,2,1,1,9795.0,3,2021-01-22 21:07:35.254286476,2021-01-22 21:07:36.004480345,0,0,False,3.0,20210125.0
10254,-1,1,1,1,9795.0,1,2021-01-22 21:07:37.004972581,2021-01-22 21:07:37.255253703,1,0,False,,20210125.0
10255,-1,1,1,1,9795.0,1,2021-01-22 21:07:37.255253703,2021-01-22 21:07:37.505334190,1,0,False,,20210125.0
10256,1,2,1,1,9795.0,1,2021-01-22 21:07:39.506161031,2021-01-22 21:07:40.756538784,0,0,False,6.0,20210125.0
10257,-1,1,1,1,9796.0,3,2021-01-22 21:07:41.506871868,2021-01-22 21:07:42.257141850,0,0,False,7.0,20210125.0
10258,1,2,1,1,9794.0,1,2021-01-22 21:07:43.507579651,2021-01-22 21:07:43.757698836,1,0,False,,20210125.0
10259,1,2,1,1,9794.0,1,2021-01-22 21:07:43.757698836,2021-01-22 21:07:44.007803038,1,0,False,,20210125.0
10260,-1,1,1,1,9793.0,1,2021-01-22 21:07:47.508998189,2021-01-22 21:07:47.759160211,1,0,False,,20210125.0
10261,-1,1,1,1,9793.0,3,2021-01-22 21:07:47.759160211,2021-01-22 21:07:48.259521247,1,0,False,7.0,20210125.0
10262,1,2,1,1,9792.0,3,2021-01-22 21:07:53.761729786,2021-01-22 21:07:54.011623769,0,0,False,,20210125.0
10263,1,2,1,1,9792.0,3,2021-01-22 21:07:54.011623769,2021-01-22 21:07:55.012072645,0,0,False,38.0,20210125.0
10264,1,1,1,1,9792.0,3,2021-01-22 21:07:54.261854646,2021-01-22 21:07:55.012072645,0,0,False,337.0,20210125.0
10265,1,1,1,1,9793.0,3,2021-01-22 21:07:55.012072645,2021-01-22 21:07:56.012402898,0,0,False,28.0,20210125.0
10266,-1,2,1,1,9795.0,1,2021-01-22 21:07:57.265347824,2021-01-22 21:07:57.764027177,0,0,False,25.0,20210125.0
10267,-1,2,1,1,9796.0,1,2021-01-22 21:07:59.514686990,2021-01-22 21:08:00.264961636,1,0,False,42.0,20210125.0
10268,1,1,1,1,9797.0,3,2021-01-22 21:08:00.515021140,2021-01-22 21:08:01.015275451,0,0,False,54.0,20210125.0
10269,1,1,1,1,9797.0,3,2021-01-22 21:08:00.765308247,2021-01-22 21:08:01.015275451,0,0,False,,20210125.0
10270,-1,2,1,1,9798.0,3,2021-01-22 21:08:01.265524458,2021-01-22 21:08:02.265867239,0,0,False,19.0,20210125.0
10271,-1,2,1,1,9798.0,3,2021-01-22 21:08:01.515585572,2021-01-22 21:08:02.265867239,0,0,False,27.0,20210125.0
10272,-1,1,1,1,9798.0,3,2021-01-22 21:08:01.765640652,2021-01-22 21:08:02.265867239,0,0,False,27.0,20210125.0
10273,1,2,1,1,9798.0,3,2021-01-22 21:08:02.766072117,2021-01-22 21:08:03.016212994,0,0,False,,20210125.0
10274,1,1,1,1,9798.0,3,2021-01-22 21:08:03.516593210,2021-01-22 21:08:04.016557587,0,0,False,20.0,20210125.0
10275,-1,2,1,1,9798.0,1,2021-01-22 21:08:04.016557587,2021-01-22 21:08:04.266862427,2,0,False,,20210125.0
10276,-1,1,1,1,9798.0,1,2021-01-22 21:08:04.266862427,2021-01-22 21:08:04.767147898,2,0,False,13.0,20210125.0
10277,1,2,1,1,9798.0,4,2021-01-22 21:08:05.267166034,2021-01-22 21:08:06.017495906,1,0,False,0.0,20210125.0
10278,1,1,1,1,9799.0,3,2021-01-22 21:08:06.017495906,2021-01-22 21:08:07.017725832,1,0,False,6.0,20210125.0
10279,1,1,1,1,9799.0,3,2021-01-22 21:08:06.267574317,2021-01-22 21:08:07.017725832,0,0,False,15.0,20210125.0
10280,-1,1,1,1,9799.0,4,2021-01-22 21:08:09.018631520,2021-01-22 21:08:10.519248608,0,0,False,0.0,20210125.0
10281,-1,1,1,1,9799.0,4,2021-01-22 21:08:09.268913855,2021-01-22 21:08:10.519248608,0,0,False,0.0,20210125.0
10282,-1,2,1,1,9799.0,4,2021-01-22 21:08:09.519011382,2021-01-22 21:08:10.769502543,0,0,False,0.0,20210125.0
10283,-1,2,1,1,9799.0,3,2021-01-22 21:08:10.019077388,2021-01-22 21:08:11.269676987,0,0,False,0.0,20210125.0
10284,1,2,1,1,9799.0,1,2021-01-22 21:08:12.020035768,2021-01-22 21:08:12.270242585,0,0,False,,20210125.0
10285,-1,1,1,1,9799.0,3,2021-01-22 21:08:12.520236812,2021-01-22 21:08:13.270520289,0,0,False,3.0,20210125.0
10286,1,2,1,1,9796.0,3,2021-01-22 21:08:14.520925456,2021-01-22 21:08:15.021084090,1,0,False,4.0,20210125.0
10287,-1,1,1,1,9796.0,3,2021-01-22 21:08:17.773205340,2021-01-22 21:08:18.280159574,0,0,False,14.0,20210125.0
10288,1,2,1,1,9794.0,3,2021-01-22 21:08:20.024587292,2021-01-22 21:08:20.274759083,0,0,False,,20210125.0
10289,1,2,1,1,9794.0,1,2021-01-22 21:08:20.274759083,2021-01-22 21:08:21.025035029,0,0,False,1.0,20210125.0
10290,1,1,1,1,9794.0,1,2021-01-22 21:08:20.524754732,2021-01-22 21:08:21.025035029,0,0,False,1.0,20210125.0
10291,1,1,1,1,9793.0,3,2021-01-22 21:08:21.025035029,2021-01-22 21:08:22.025225126,0,0,False,25.0,20210125.0
10292,-1,2,1,1,9794.0,1,2021-01-22 21:08:24.526352484,2021-01-22 21:08:24.776581641,0,0,False,,20210125.0
10293,1,1,1,1,9793.0,3,2021-01-22 21:08:24.776581641,2021-01-22 21:08:25.026365356,0,0,False,,20210125.0
10295,-1,2,1,1,9795.0,1,2021-01-22 21:08:25.776922101,2021-01-22 21:08:26.026860106,0,0,False,,20210125.0
10294,-1,2,1,1,9796.0,3,2021-01-22 21:08:25.526693307,2021-01-22 21:08:26.026860106,0,0,False,19.0,20210125.0
10297,-1,1,1,1,9795.0,1,2021-01-22 21:08:26.277147441,2021-01-22 21:08:28.027751588,0,0,False,3.0,20210125.0
10296,-1,1,1,1,9796.0,1,2021-01-22 21:08:26.026860106,2021-01-22 21:08:28.277930401,0,0,False,16.0,20210125.0
10298,1,2,1,1,9795.0,3,2021-01-22 21:08:28.277930401,2021-01-22 21:08:29.027848725,0,0,False,26.0,20210125.0
10300,1,2,1,1,9796.0,3,2021-01-22 21:08:29.528323478,2021-01-22 21:08:32.029769595,0,0,False,9.0,20210125.0
10301,1,1,1,1,9796.0,3,2021-01-22 21:08:29.778428794,2021-01-22 21:08:32.029769595,0,0,False,9.0,20210125.0
10302,1,1,1,1,9796.0,3,2021-01-22 21:08:30.028241817,2021-01-22 21:08:32.029769595,0,0,False,49.0,20210125.0
10303,-1,2,1,1,9798.0,3,2021-01-22 21:08:33.280479688,2021-01-22 21:08:34.280949819,0,0,False,14.0,20210125.0
10304,1,1,1,1,9798.0,1,2021-01-22 21:08:36.782486205,2021-01-22 21:08:37.032459302,0,0,False,,20210125.0
10305,-1,2,1,1,9798.0,3,2021-01-22 21:08:37.532820091,2021-01-22 21:08:38.283372947,0,0,False,8.0,20210125.0
10307,1,1,1,1,9797.0,1,2021-01-22 21:08:42.786177115,2021-01-22 21:08:43.036197628,1,0,False,,20210125.0
10306,-1,2,1,1,9798.0,3,2021-01-22 21:08:40.534870591,2021-01-22 21:08:43.286516554,0,0,False,16.0,20210125.0
10308,-1,2,1,1,9797.0,4,2021-01-22 21:08:43.786992221,2021-01-22 21:08:45.537869954,0,0,False,0.0,20210125.0
10309,1,1,1,1,9795.0,1,2021-01-22 21:08:46.788304745,2021-01-22 21:08:48.538952295,0,0,False,4.0,20210125.0
10310,1,1,1,1,9795.0,1,2021-01-22 21:08:48.038885124,2021-01-22 21:08:48.538952295,0,0,False,6.0,20210125.0
10311,-1,2,1,1,9796.0,4,2021-01-22 21:08:48.789109664,2021-01-22 21:08:50.789818425,0,0,False,0.0,20210125.0
10312,-1,2,1,1,9796.0,4,2021-01-22 21:08:49.289285470,2021-01-22 21:08:50.789818425,0,0,False,0.0,20210125.0
10313,-1,1,1,1,9794.0,1,2021-01-22 21:08:55.041700542,2021-01-22 21:08:57.042936771,1,0,False,12.0,20210125.0
10314,1,2,1,1,9793.0,3,2021-01-22 21:08:55.792020095,2021-01-22 21:08:59.043334330,0,0,False,16.0,20210125.0
10317,1,1,1,1,9792.0,3,2021-01-22 21:09:01.294819262,2021-01-22 21:09:02.044681952,0,0,False,20.0,20210125.0
10318,-1,2,1,1,9795.0,3,2021-01-22 21:09:03.044978027,2021-01-22 21:09:03.295234331,0,0,False,,20210125.0
10320,-1,1,1,1,9794.0,1,2021-01-22 21:09:03.545453809,2021-01-22 21:09:04.295850063,0,0,False,4.0,20210125.0
10319,-1,1,1,1,9795.0,3,2021-01-22 21:09:03.295234331,2021-01-22 21:09:05.296338287,0,0,False,12.0,20210125.0
10321,1,2,1,1,9792.0,1,2021-01-22 21:09:06.796750352,2021-01-22 21:09:07.046679241,0,0,False,,20210125.0
10322,-1,1,1,1,9793.0,1,2021-01-22 21:09:07.046679241,2021-01-22 21:09:08.047047724,0,0,False,22.0,20210125.0
10323,1,2,1,1,9792.0,3,2021-01-22 21:09:08.047047724,2021-01-22 21:09:09.047456541,0,0,False,25.0,20210125.0
10324,-1,1,1,1,9793.0,3,2021-01-22 21:09:09.297662640,2021-01-22 21:09:11.298578558,2,0,False,0.0,20210125.0
10325,1,2,1,1,9792.0,1,2021-01-22 21:09:12.298924470,2021-01-22 21:09:12.548919221,2,0,False,,20210125.0
10326,1,2,1,1,9792.0,1,2021-01-22 21:09:12.799064879,2021-01-22 21:09:13.048957294,0,0,False,,20210125.0
10327,-1,1,1,1,9791.0,1,2021-01-22 21:09:13.799463654,2021-01-22 21:09:14.049335678,1,0,False,,20210125.0
10328,1,2,1,1,9791.0,1,2021-01-22 21:09:14.299603188,2021-01-22 21:09:14.549732827,0,0,False,,20210125.0
10330,-1,1,1,1,9780.0,3,2021-01-22 21:09:25.053885699,2021-01-22 21:09:25.303969382,2,0,False,,20210125.0
10331,1,2,1,1,9780.0,3,2021-01-22 21:09:25.554071187,2021-01-22 21:09:25.804727281,1,0,False,,20210125.0
10332,1,1,1,1,9780.0,3,2021-01-22 21:09:25.804727281,2021-01-22 21:09:26.054253843,0,0,False,,20210125.0
10329,-1,2,1,1,9783.0,3,2021-01-22 21:09:24.803759374,2021-01-22 21:09:26.304522696,0,0,False,90.0,20210125.0
10333,1,1,1,1,9781.0,3,2021-01-22 21:09:26.304522696,2021-01-22 21:09:27.054636736,0,0,False,24.0,20210125.0
10334,-1,2,1,1,9783.0,3,2021-01-22 21:09:26.804668268,2021-01-22 21:09:27.304957008,0,0,False,33.0,20210125.0
10335,-1,1,1,1,9783.0,3,2021-01-22 21:09:27.054636736,2021-01-22 21:09:27.304957008,0,0,False,,20210125.0
10336,-1,1,1,1,9783.0,3,2021-01-22 21:09:27.304957008,2021-01-22 21:09:28.305438211,0,0,False,56.0,20210125.0
10337,1,2,1,1,9783.0,3,2021-01-22 21:09:29.805921621,2021-01-22 21:09:30.055892142,0,0,False,,20210125.0
10338,1,2,1,1,9784.0,1,2021-01-22 21:09:30.306103876,2021-01-22 21:09:30.556200212,0,0,False,,20210125.0
10339,1,1,1,1,9786.0,3,2021-01-22 21:09:32.807155746,2021-01-22 21:09:33.057017837,1,0,False,,20210125.0
10340,1,1,1,1,9786.0,3,2021-01-22 21:09:34.557840845,2021-01-22 21:09:34.808073868,1,0,False,,20210125.0
10341,-1,2,1,1,9782.0,1,2021-01-22 21:09:37.558940764,2021-01-22 21:09:37.809129443,1,0,False,,20210125.0
10342,1,1,1,1,9781.0,1,2021-01-22 21:09:38.309453462,2021-01-22 21:09:39.059492291,0,0,False,4.0,20210125.0
10343,-1,2,1,1,9781.0,1,2021-01-22 21:09:41.310609385,2021-01-22 21:09:41.560633070,0,0,False,,20210125.0
10344,-1,2,1,1,9781.0,1,2021-01-22 21:09:41.560633070,2021-01-22 21:09:42.060842323,2,0,False,3.0,20210125.0
10345,-1,1,1,1,9781.0,1,2021-01-22 21:09:41.810750546,2021-01-22 21:09:42.060842323,0,0,False,,20210125.0
10346,1,2,1,1,9780.0,3,2021-01-22 21:09:42.561187263,2021-01-22 21:09:43.061166780,0,0,False,8.0,20210125.0
10347,1,1,1,1,9780.0,3,2021-01-22 21:09:42.811408819,2021-01-22 21:09:43.061166780,0,0,False,,20210125.0
10348,1,1,1,1,9780.0,3,2021-01-22 21:09:44.562244876,2021-01-22 21:09:45.062096597,0,0,False,8.0,20210125.0
10349,-1,2,1,1,9783.0,3,2021-01-22 21:09:57.066641701,2021-01-22 21:09:58.317425303,1,0,False,3.0,20210125.0
10350,1,1,1,1,9781.0,3,2021-01-22 21:09:58.567428635,2021-01-22 21:09:59.067552808,0,0,False,13.0,20210125.0
10351,-1,2,1,1,9783.0,3,2021-01-22 21:10:10.323143351,2021-01-22 21:10:11.073254968,2,0,False,8.0,20210125.0
10352,1,1,1,1,9782.0,3,2021-01-22 21:10:11.073254968,2021-01-22 21:10:11.323785496,0,0,False,,20210125.0
10353,-1,2,1,1,9785.0,3,2021-01-22 21:10:23.828554093,2021-01-22 21:10:29.330630578,0,0,False,3.0,20210125.0
10354,1,1,1,1,9784.0,3,2021-01-22 21:10:33.332168732,2021-01-22 21:10:37.083551494,0,0,False,24.0,20210125.0
10355,-1,2,1,1,9785.0,1,2021-01-22 21:10:40.835108284,2021-01-22 21:10:41.085185602,2,0,False,,20210125.0
10357,1,1,1,1,9784.0,3,2021-01-22 21:10:41.835540709,2021-01-22 21:10:42.085457411,0,0,False,,20210125.0
10356,-1,2,1,1,9785.0,1,2021-01-22 21:10:41.585392901,2021-01-22 21:10:42.085457411,0,0,False,1.0,20210125.0
10358,1,1,1,1,9784.0,3,2021-01-22 21:10:42.085457411,2021-01-22 21:10:43.085829028,0,0,False,21.0,20210125.0
10359,-1,2,1,1,9785.0,4,2021-01-22 21:10:43.586058600,2021-01-22 21:10:44.336467067,0,0,False,0.0,20210125.0
10361,1,1,1,1,9784.0,2,2021-01-22 21:10:44.336467067,2021-01-22 21:10:44.836718292,0,0,False,3.0,20210125.0
10360,-1,2,1,1,9785.0,3,2021-01-22 21:10:44.086428122,2021-01-22 21:10:45.336867709,0,0,False,6.0,20210125.0
10362,-1,2,1,1,9785.0,3,2021-01-22 21:10:45.336867709,2021-01-22 21:10:46.337296651,0,0,False,15.0,20210125.0
10364,-1,1,1,1,9785.0,1,2021-01-22 21:10:46.337296651,2021-01-22 21:10:46.837491192,0,0,False,17.0,20210125.0
10366,1,1,1,1,9786.0,1,2021-01-22 21:10:47.587793702,2021-01-22 21:10:48.087785460,0,0,False,7.0,20210125.0
10365,1,2,1,1,9785.0,3,2021-01-22 21:10:47.087469740,2021-01-22 21:10:48.338245027,0,0,False,36.0,20210125.0
10367,1,1,1,1,9785.0,3,2021-01-22 21:10:48.087785460,2021-01-22 21:10:48.338245027,0,0,False,,20210125.0
10368,-1,2,1,1,9786.0,3,2021-01-22 21:10:51.589472936,2021-01-22 21:10:52.339782380,0,0,False,50.0,20210125.0
10369,-1,2,1,1,9785.0,1,2021-01-22 21:10:52.589822429,2021-01-22 21:10:52.839966392,2,0,False,,20210125.0
10370,1,1,1,1,9786.0,1,2021-01-22 21:10:54.090217030,2021-01-22 21:10:54.590391601,1,0,False,8.0,20210125.0
10371,1,1,1,1,9785.0,3,2021-01-22 21:10:54.590391601,2021-01-22 21:10:55.090484987,0,0,False,14.0,20210125.0
10372,-1,2,1,1,9786.0,3,2021-01-22 21:10:55.590635789,2021-01-22 21:10:56.340980024,0,0,False,4.0,20210125.0
10373,1,1,1,1,9784.0,3,2021-01-22 21:11:01.593972162,2021-01-22 21:11:02.094305843,0,0,False,19.0,20210125.0
10374,-1,2,1,1,9785.0,3,2021-01-22 21:11:05.095380551,2021-01-22 21:11:06.346441309,0,0,False,20.0,20210125.0
10376,-1,2,1,1,9785.0,3,2021-01-22 21:11:06.346441309,2021-01-22 21:11:07.096314544,0,0,False,21.0,20210125.0
10378,-1,1,1,1,9785.0,3,2021-01-22 21:11:07.096314544,2021-01-22 21:11:10.097382557,0,0,False,21.0,20210125.0
10379,-1,1,1,1,9783.0,1,2021-01-22 21:11:10.347673266,2021-01-22 21:11:10.597638366,1,0,False,,20210125.0
10380,1,2,1,1,9782.0,1,2021-01-22 21:13:04.150096188,2021-01-22 21:13:04.400280330,1,0,False,,20210125.0
10381,1,2,1,1,9782.0,1,2021-01-22 21:13:04.900644197,2021-01-22 21:13:05.150666162,1,0,False,,20210125.0
10382,1,1,1,1,9782.0,1,2021-01-22 21:13:05.150666162,2021-01-22 21:13:05.400789567,1,0,False,,20210125.0
10383,-1,1,1,1,9782.0,4,2021-01-22 21:13:05.901071141,2021-01-22 21:13:07.151261451,1,0,False,0.0,20210125.0
10384,-1,2,1,1,9782.0,1,2021-01-22 21:13:06.151032391,2021-01-22 21:13:08.151656548,0,0,False,4.0,20210125.0
10385,1,2,1,1,9781.0,3,2021-01-22 21:13:07.401393257,2021-01-22 21:13:10.902801109,0,0,False,12.0,20210125.0
10386,-1,1,1,1,9782.0,1,2021-01-22 21:13:11.403225942,2021-01-22 21:13:11.653238861,1,0,False,,20210125.0
10387,-1,1,1,1,9782.0,3,2021-01-22 21:13:15.154374787,2021-01-22 21:13:18.155484341,0,0,False,9.0,20210125.0
10390,1,2,1,1,9780.0,3,2021-01-22 21:13:21.406641968,2021-01-22 21:13:21.906626211,0,0,False,4.0,20210125.0
10388,1,2,1,1,9779.0,3,2021-01-22 21:13:20.906419572,2021-01-22 21:13:21.906626211,0,0,False,15.0,20210125.0
10391,1,1,1,1,9778.0,1,2021-01-22 21:13:26.659963916,2021-01-22 21:13:26.909987739,1,0,False,,20210125.0
10392,-1,2,1,1,9778.0,1,2021-01-22 21:13:26.909987739,2021-01-22 21:13:27.160252478,0,0,False,,20210125.0
10393,1,1,1,1,9778.0,1,2021-01-22 21:13:27.160252478,2021-01-22 21:13:27.410441745,1,0,False,,20210125.0
10394,-1,2,1,1,9779.0,3,2021-01-22 21:13:29.911091671,2021-01-22 21:13:30.161307831,1,0,False,,20210125.0
10395,-1,1,1,1,9779.0,1,2021-01-22 21:13:30.161307831,2021-01-22 21:13:30.661409547,0,0,False,4.0,20210125.0
10396,1,2,1,1,9781.0,1,2021-01-22 21:13:31.911919523,2021-01-22 21:13:32.412368536,0,0,False,9.0,20210125.0
10397,-1,1,1,1,9781.0,3,2021-01-22 21:13:32.412368536,2021-01-22 21:13:34.162828057,0,0,False,1.0,20210125.0
10398,-1,1,1,1,9778.0,1,2021-01-22 21:13:35.663455032,2021-01-22 21:13:36.663815204,1,0,False,2.0,20210125.0
10399,1,2,1,1,9779.0,1,2021-01-22 21:13:37.664221321,2021-01-22 21:13:37.917047250,1,0,False,,20210125.0
10400,1,1,1,1,9780.0,4,2021-01-22 21:13:41.665720546,2021-01-22 21:13:42.665966182,1,0,False,0.0,20210125.0
10401,1,2,1,1,9780.0,3,2021-01-22 21:13:41.915995477,2021-01-22 21:13:42.916008726,0,0,False,2.0,20210125.0
10402,1,1,1,1,9780.0,4,2021-01-22 21:13:44.166535569,2021-01-22 21:13:45.667164800,1,0,False,0.0,20210125.0
10403,-1,2,1,1,9782.0,1,2021-01-22 21:13:49.669060696,2021-01-22 21:13:49.919251038,0,0,False,,20210125.0
10404,-1,2,1,1,9782.0,1,2021-01-22 21:13:49.919251038,2021-01-22 21:13:50.419568314,1,0,False,5.0,20210125.0
10405,-1,1,1,1,9783.0,1,2021-01-22 21:13:59.172758426,2021-01-22 21:14:00.673305671,0,0,False,1.0,20210125.0
10406,1,2,1,1,9783.0,3,2021-01-22 21:14:00.673305671,2021-01-22 21:14:00.923376687,0,0,False,,20210125.0
10407,1,1,1,1,9784.0,1,2021-01-22 21:14:01.173481095,2021-01-22 21:14:01.923804736,1,0,False,0.0,20210125.0
10408,-1,2,1,1,9785.0,1,2021-01-22 21:14:06.675647599,2021-01-22 21:14:08.426337669,0,0,False,12.0,20210125.0
10409,-1,1,1,1,9785.0,3,2021-01-22 21:14:09.926724205,2021-01-22 21:14:11.927657671,0,0,False,5.0,20210125.0
10411,1,2,1,1,9784.0,3,2021-01-22 21:14:12.427923719,2021-01-22 21:14:14.928625738,0,0,False,12.0,20210125.0
10412,-1,1,1,1,9787.0,1,2021-01-22 21:14:16.929496612,2021-01-22 21:14:18.929984434,0,0,False,4.0,20210125.0
10413,-1,1,1,1,9787.0,3,2021-01-22 21:14:19.680402778,2021-01-22 21:14:19.931643412,2,0,False,,20210125.0
10414,1,2,1,1,9785.0,3,2021-01-22 21:14:20.682022959,2021-01-22 21:14:20.931974989,0,0,False,,20210125.0
10415,1,2,1,1,9786.0,1,2021-01-22 21:14:20.931974989,2021-01-22 21:14:21.182285792,2,0,False,,20210125.0
10416,1,1,1,1,9786.0,3,2021-01-22 21:14:21.432437160,2021-01-22 21:14:21.932466951,0,0,False,6.0,20210125.0
10417,1,1,1,1,9786.0,1,2021-01-22 21:14:22.182675607,2021-01-22 21:14:22.432787782,1,0,False,,20210125.0
10418,-1,2,1,1,9786.0,1,2021-01-22 21:14:22.432787782,2021-01-22 21:14:24.433517830,0,0,False,6.0,20210125.0
10419,1,1,1,1,9786.0,1,2021-01-22 21:14:24.433517830,2021-01-22 21:14:24.683558956,1,0,False,,20210125.0
10420,-1,2,1,1,9786.0,1,2021-01-22 21:14:27.184456767,2021-01-22 21:14:28.684960223,1,0,False,1.0,20210125.0
10421,-1,2,1,1,9786.0,1,2021-01-22 21:14:27.434531892,2021-01-22 21:14:28.684960223,0,0,False,2.0,20210125.0
10422,-1,1,1,1,9786.0,1,2021-01-22 21:14:27.684672510,2021-01-22 21:14:28.684960223,0,0,False,2.0,20210125.0
10423,-1,1,1,1,9786.0,1,2021-01-22 21:14:27.934704425,2021-01-22 21:14:28.684960223,0,0,False,3.0,20210125.0
10424,1,2,1,1,9787.0,3,2021-01-22 21:14:30.435559712,2021-01-22 21:14:30.935571683,2,0,False,12.0,20210125.0
10425,1,2,1,1,9788.0,3,2021-01-22 21:14:30.935571683,2021-01-22 21:14:31.435943189,1,0,False,6.0,20210125.0
10426,-1,1,1,1,9788.0,1,2021-01-22 21:14:33.436595975,2021-01-22 21:14:33.686675498,2,0,False,,20210125.0
10428,1,2,1,1,9789.0,3,2021-01-22 21:14:35.687631363,2021-01-22 21:14:35.937600385,2,0,False,,20210125.0
10429,-1,1,1,1,9789.0,4,2021-01-22 21:14:36.187754776,2021-01-22 21:14:37.688353300,2,0,False,0.0,20210125.0
10431,-1,1,1,1,9789.0,1,2021-01-22 21:14:41.189688262,2021-01-22 21:14:41.439959116,0,0,False,,20210125.0
10432,1,2,1,1,9788.0,3,2021-01-22 21:14:51.943428421,2021-01-22 21:14:52.943836120,0,0,False,11.0,20210125.0
10433,-1,1,1,1,9789.0,3,2021-01-22 21:14:54.194420588,2021-01-22 21:14:55.194702180,0,0,False,5.0,20210125.0
10434,1,2,1,1,9789.0,1,2021-01-22 21:14:55.694920659,2021-01-22 21:14:55.945301164,0,0,False,,20210125.0
10435,-1,1,1,1,9789.0,1,2021-01-22 21:14:56.195133916,2021-01-22 21:14:56.945426971,0,0,False,7.0,20210125.0
10436,1,2,1,1,9788.0,3,2021-01-22 21:14:56.945426971,2021-01-22 21:14:57.945689588,0,0,False,2.0,20210125.0
10437,1,2,1,1,9789.0,1,2021-01-22 21:14:57.945689588,2021-01-22 21:14:58.195926705,1,0,False,,20210125.0
10438,-1,1,1,1,9789.0,1,2021-01-22 21:15:00.446920901,2021-01-22 21:15:00.696840738,2,0,False,,20210125.0
10439,1,2,1,1,9789.0,1,2021-01-22 21:15:00.696840738,2021-01-22 21:15:00.946879632,1,0,False,,20210125.0
10440,1,1,1,1,9789.0,4,2021-01-22 21:15:01.197049544,2021-01-22 21:15:01.697291196,1,0,False,0.0,20210125.0
10441,-1,2,1,1,9789.0,3,2021-01-22 21:15:01.947418237,2021-01-22 21:15:02.197556181,0,0,False,,20210125.0
10442,-1,1,1,1,9788.0,1,2021-01-22 21:15:02.447867331,2021-01-22 21:15:02.947767641,2,0,False,1.0,20210125.0
10443,-1,1,1,1,9788.0,1,2021-01-22 21:15:02.697896441,2021-01-22 21:15:02.947767641,0,0,False,,20210125.0
10444,1,2,1,1,9788.0,3,2021-01-22 21:15:02.947767641,2021-01-22 21:15:03.948181325,0,0,False,2.0,20210125.0
10445,1,2,1,1,9788.0,3,2021-01-22 21:15:03.198002466,2021-01-22 21:15:03.948181325,0,0,False,9.0,20210125.0
10446,1,1,1,1,9789.0,3,2021-01-22 21:15:04.198376828,2021-01-22 21:15:04.948552213,0,0,False,27.0,20210125.0
10447,-1,2,1,1,9789.0,1,2021-01-22 21:15:05.698969381,2021-01-22 21:15:05.948966586,2,0,False,,20210125.0
10448,-1,1,1,1,9790.0,3,2021-01-22 21:15:06.199215183,2021-01-22 21:15:10.201088148,2,0,False,5.0,20210125.0
10449,-1,1,1,1,9790.0,3,2021-01-22 21:15:06.449283066,2021-01-22 21:15:10.201088148,0,0,False,5.0,20210125.0
10450,1,2,1,1,9789.0,1,2021-01-22 21:15:11.201499196,2021-01-22 21:15:11.951871599,0,0,False,11.0,20210125.0
10451,-1,1,1,1,9790.0,3,2021-01-22 21:15:11.951871599,2021-01-22 21:15:13.202343719,0,0,False,12.0,20210125.0
10452,1,2,1,1,9788.0,3,2021-01-22 21:15:14.703031479,2021-01-22 21:15:15.953311193,2,0,False,27.0,20210125.0
10453,1,2,1,1,9790.0,1,2021-01-22 21:15:16.453695373,2021-01-22 21:15:16.703673662,2,0,False,,20210125.0
10454,-1,1,1,1,9790.0,1,2021-01-22 21:15:17.954223747,2021-01-22 21:15:18.454384528,0,0,False,27.0,20210125.0
10455,-1,1,1,1,9790.0,1,2021-01-22 21:15:18.204238318,2021-01-22 21:15:18.454384528,0,0,False,,20210125.0
10456,1,2,1,1,9790.0,3,2021-01-22 21:15:18.454384528,2021-01-22 21:15:18.954441036,1,0,False,3.0,20210125.0
10457,-1,1,1,1,9790.0,3,2021-01-22 21:15:19.454769950,2021-01-22 21:15:21.205516084,0,0,False,5.0,20210125.0
10458,1,2,1,1,9789.0,3,2021-01-22 21:15:25.972782493,2021-01-22 21:15:27.958000691,0,0,False,3.0,20210125.0
10459,1,2,1,1,9790.0,3,2021-01-22 21:15:32.960492538,2021-01-22 21:15:34.961005284,0,0,False,23.0,20210125.0
10461,1,1,1,1,9790.0,3,2021-01-22 21:15:35.711539027,2021-01-22 21:15:35.961497869,0,0,False,,20210125.0
10460,-1,2,1,1,9791.0,1,2021-01-22 21:15:35.218446896,2021-01-22 21:15:36.211689333,0,0,False,7.0,20210125.0
10463,-1,1,1,1,9789.0,3,2021-01-22 21:15:43.964575932,2021-01-22 21:15:51.218110888,0,0,False,2.0,20210125.0
10464,1,2,1,1,9787.0,3,2021-01-22 21:15:52.969400416,2021-01-22 21:15:54.969966289,1,0,False,5.0,20210125.0
10465,-1,1,1,1,9789.0,3,2021-01-22 21:15:55.720305589,2021-01-22 21:15:57.220784181,0,0,False,12.0,20210125.0
10466,-1,1,1,1,9789.0,3,2021-01-22 21:16:04.723508037,2021-01-22 21:16:05.223756417,1,0,False,6.0,20210125.0
10468,1,2,1,1,9789.0,3,2021-01-22 21:16:06.724181993,2021-01-22 21:16:06.974216258,0,0,False,,20210125.0
10469,1,2,1,1,9790.0,3,2021-01-22 21:16:07.724568676,2021-01-22 21:16:08.975050208,1,0,False,1.0,20210125.0
10471,1,1,1,1,9790.0,4,2021-01-22 21:16:09.475392373,2021-01-22 21:16:11.982065654,0,0,False,0.0,20210125.0
10472,-1,2,1,1,9791.0,3,2021-01-22 21:16:12.976389171,2021-01-22 21:16:13.476732020,0,0,False,,20210125.0
10473,1,1,1,1,9790.0,3,2021-01-22 21:16:13.476732020,2021-01-22 21:16:17.979566145,0,0,False,32.0,20210125.0
10474,-1,2,1,1,9791.0,4,2021-01-22 21:16:15.728974343,2021-01-22 21:16:17.979566145,0,0,False,0.0,20210125.0
10475,-1,1,1,1,9791.0,3,2021-01-22 21:16:17.229351237,2021-01-22 21:16:18.479807027,0,0,False,3.0,20210125.0
10476,-1,1,1,1,9791.0,1,2021-01-22 21:16:18.479807027,2021-01-22 21:16:19.480141217,0,0,False,3.0,20210125.0
10477,1,2,1,1,9791.0,3,2021-01-22 21:16:19.980529882,2021-01-22 21:16:21.981227295,2,0,False,10.0,20210125.0
10478,-1,1,1,1,9792.0,1,2021-01-22 21:16:21.981227295,2021-01-22 21:16:22.231325990,0,0,False,,20210125.0
10479,1,2,1,1,9792.0,3,2021-01-22 21:16:22.231325990,2021-01-22 21:16:22.982804796,0,0,False,1.0,20210125.0
10480,1,2,1,1,9792.0,3,2021-01-22 21:16:22.482684620,2021-01-22 21:16:22.982804796,0,0,False,4.0,20210125.0
10481,-1,1,1,1,9794.0,3,2021-01-22 21:16:23.483123432,2021-01-22 21:16:24.233300749,0,0,False,9.0,20210125.0
10482,1,2,1,1,9793.0,1,2021-01-22 21:16:24.983693900,2021-01-22 21:16:25.233832529,0,0,False,,20210125.0
10483,-1,1,1,1,9794.0,3,2021-01-22 21:16:25.233832529,2021-01-22 21:16:26.234182870,0,0,False,4.0,20210125.0
10484,-1,1,1,1,9794.0,3,2021-01-22 21:16:25.734103699,2021-01-22 21:16:26.234182870,0,0,False,4.0,20210125.0
10485,1,2,1,1,9793.0,3,2021-01-22 21:16:26.484490869,2021-01-22 21:16:26.984281968,0,0,False,15.0,20210125.0
10486,-1,1,1,1,9794.0,1,2021-01-22 21:16:28.234881971,2021-01-22 21:16:30.485793922,1,0,False,2.0,20210125.0
10487,1,2,1,1,9793.0,3,2021-01-22 21:16:29.485487859,2021-01-22 21:16:30.985759256,0,0,False,9.0,20210125.0
10488,-1,1,1,1,9794.0,3,2021-01-22 21:16:32.736529867,2021-01-22 21:16:34.237072985,0,0,False,8.0,20210125.0
10489,1,2,1,1,9793.0,1,2021-01-22 21:16:34.237072985,2021-01-22 21:16:34.987144772,0,0,False,8.0,20210125.0
10490,-1,1,1,1,9794.0,3,2021-01-22 21:16:34.987144772,2021-01-22 21:16:35.237402345,0,0,False,,20210125.0
10491,1,2,1,1,9793.0,3,2021-01-22 21:16:36.737984140,2021-01-22 21:16:37.988339839,0,0,False,5.0,20210125.0
10493,-1,1,1,1,9794.0,3,2021-01-22 21:16:37.988339839,2021-01-22 21:16:38.238471702,0,0,False,,20210125.0
10494,1,2,1,1,9793.0,3,2021-01-22 21:16:40.489437947,2021-01-22 21:16:40.989528443,0,0,False,10.0,20210125.0
10495,-1,1,1,1,9791.0,1,2021-01-22 21:16:47.741949191,2021-01-22 21:16:47.991915882,1,0,False,,20210125.0
10496,1,2,1,1,9794.0,4,2021-01-22 21:16:51.243153282,2021-01-22 21:16:51.743381655,0,0,False,0.0,20210125.0
10497,1,2,1,1,9794.0,4,2021-01-22 21:16:51.493192822,2021-01-22 21:16:52.743608432,0,0,False,0.0,20210125.0
10498,-1,1,1,1,9794.0,1,2021-01-22 21:16:53.494132957,2021-01-22 21:16:53.744155691,0,0,False,,20210125.0
10499,-1,1,1,1,9794.0,3,2021-01-22 21:16:54.244228183,2021-01-22 21:16:55.244894235,0,0,False,5.0,20210125.0
10500,1,2,1,1,9795.0,3,2021-01-22 21:16:56.745134086,2021-01-22 21:16:56.995119511,1,0,False,,20210125.0
10501,1,2,1,1,9795.0,1,2021-01-22 21:16:57.245313934,2021-01-22 21:16:57.495399273,1,0,False,,20210125.0
10502,-1,1,1,1,9795.0,1,2021-01-22 21:16:58.745870706,2021-01-22 21:16:59.246030829,0,0,False,2.0,20210125.0
10503,1,2,1,1,9795.0,3,2021-01-22 21:16:59.996201834,2021-01-22 21:17:00.996690466,0,0,False,3.0,20210125.0
10505,1,1,1,1,9795.0,3,2021-01-22 21:17:02.247377457,2021-01-22 21:17:02.997579757,0,0,False,15.0,20210125.0
10506,-1,2,1,1,9796.0,1,2021-01-22 21:17:02.997579757,2021-01-22 21:17:03.247704316,2,0,False,,20210125.0
10507,1,1,1,1,9796.0,1,2021-01-22 21:17:03.247704316,2021-01-22 21:17:03.497885213,1,0,False,,20210125.0
10508,-1,2,1,1,9796.0,3,2021-01-22 21:17:03.497885213,2021-01-22 21:17:04.248073058,0,0,False,9.0,20210125.0
10509,-1,1,1,1,9796.0,3,2021-01-22 21:17:03.747989615,2021-01-22 21:17:04.248073058,0,0,False,9.0,20210125.0
10511,1,2,1,1,9794.0,3,2021-01-22 21:17:07.249209636,2021-01-22 21:17:08.999732155,0,0,False,8.0,20210125.0
10510,-1,1,1,1,9796.0,3,2021-01-22 21:17:05.248330707,2021-01-22 21:17:09.249992172,0,0,False,6.0,20210125.0
10512,-1,1,1,1,9796.0,3,2021-01-22 21:17:09.249992172,2021-01-22 21:17:10.250306245,0,0,False,5.0,20210125.0
10513,1,2,1,1,9794.0,4,2021-01-22 21:17:12.000849901,2021-01-22 21:17:13.751507717,0,0,False,0.0,20210125.0
10514,1,2,1,1,9794.0,1,2021-01-22 21:17:12.251041367,2021-01-22 21:17:14.001470639,0,0,False,1.0,20210125.0
10515,-1,1,1,1,9794.0,3,2021-01-22 21:17:14.001470639,2021-01-22 21:17:14.251679736,1,0,False,,20210125.0
10517,1,2,1,1,9792.0,1,2021-01-22 21:17:20.003633716,2021-01-22 21:17:20.503863427,2,0,False,9.0,20210125.0
10516,-1,1,1,1,9793.0,3,2021-01-22 21:17:18.503153492,2021-01-22 21:17:24.005020035,1,0,False,1.0,20210125.0
10518,1,2,1,1,9791.0,1,2021-01-22 21:17:25.755775851,2021-01-22 21:17:26.255956832,1,0,False,,20210125.0
10519,1,1,1,1,9791.0,3,2021-01-22 21:17:27.256309456,2021-01-22 21:17:28.006448417,0,0,False,4.0,20210125.0
10520,-1,2,1,1,9792.0,1,2021-01-22 21:17:30.507554198,2021-01-22 21:17:30.757592459,2,0,False,,20210125.0
10523,1,1,1,1,9792.0,3,2021-01-22 21:17:37.760001500,2021-01-22 21:17:39.010386663,1,0,False,2.0,20210125.0
10521,-1,2,1,1,9794.0,1,2021-01-22 21:17:35.259297686,2021-01-22 21:17:42.261969055,0,0,False,9.0,20210125.0
10522,-1,1,1,1,9794.0,1,2021-01-22 21:17:36.009370333,2021-01-22 21:17:42.261969055,0,0,False,10.0,20210125.0
10525,-1,1,1,1,9794.0,1,2021-01-22 21:17:45.263621295,2021-01-22 21:17:46.263917269,0,0,False,11.0,20210125.0
10526,1,2,1,1,9794.0,1,2021-01-22 21:17:46.263917269,2021-01-22 21:17:46.764122055,0,0,False,1.0,20210125.0
10527,1,2,1,1,9794.0,1,2021-01-22 21:17:46.514099696,2021-01-22 21:17:46.764122055,0,0,False,,20210125.0
10528,1,1,1,1,9794.0,1,2021-01-22 21:17:46.764122055,2021-01-22 21:17:47.014174963,1,0,False,,20210125.0
10529,-1,2,1,1,9794.0,1,2021-01-22 21:17:47.764595727,2021-01-22 21:17:51.015579959,1,0,False,2.0,20210125.0
10530,-1,1,1,1,9794.0,1,2021-01-22 21:17:48.014539224,2021-01-22 21:17:51.015579959,0,0,False,9.0,20210125.0
10531,-1,1,1,1,9794.0,1,2021-01-22 21:17:48.264716640,2021-01-22 21:17:51.015579959,0,0,False,10.0,20210125.0
10532,1,2,1,1,9793.0,3,2021-01-22 21:17:51.015579959,2021-01-22 21:17:52.015922015,0,0,False,5.0,20210125.0
10534,1,2,1,1,9793.0,1,2021-01-22 21:17:53.766760954,2021-01-22 21:17:54.766999509,1,0,False,2.0,20210125.0
10535,1,1,1,1,9793.0,1,2021-01-22 21:17:54.016742104,2021-01-22 21:17:54.766999509,0,0,False,2.0,20210125.0
10533,-1,2,1,1,9794.0,3,2021-01-22 21:17:52.015922015,2021-01-22 21:17:55.267213390,0,0,False,12.0,20210125.0
10536,1,1,1,1,9793.0,3,2021-01-22 21:17:55.016989779,2021-01-22 21:17:58.268353639,2,0,False,2.0,20210125.0
10538,-1,2,1,1,9794.0,3,2021-01-22 21:17:58.268353639,2021-01-22 21:18:02.270025240,0,0,False,7.0,20210125.0
10541,-1,1,1,1,9794.0,3,2021-01-22 21:18:03.020253168,2021-01-22 21:18:03.270384893,0,0,False,,20210125.0
10542,-1,1,1,1,9794.0,3,2021-01-22 21:18:03.520539169,2021-01-22 21:18:06.271489800,0,0,False,21.0,20210125.0
10543,1,2,1,1,9790.0,3,2021-01-22 21:18:15.024839988,2021-01-22 21:18:16.025172832,0,0,False,3.0,20210125.0
10544,1,2,1,1,9790.0,1,2021-01-22 21:18:18.025911738,2021-01-22 21:18:18.776203404,0,0,False,6.0,20210125.0
10545,1,1,1,1,9790.0,1,2021-01-22 21:18:18.275981001,2021-01-22 21:18:18.776203404,0,0,False,6.0,20210125.0
10546,-1,2,1,1,9790.0,1,2021-01-22 21:18:19.026101726,2021-01-22 21:18:19.276248832,0,0,False,,20210125.0
10548,1,1,1,1,9790.0,3,2021-01-22 21:18:27.029649745,2021-01-22 21:18:28.029979677,0,0,False,11.0,20210125.0
10549,-1,2,1,1,9791.0,1,2021-01-22 21:18:29.530640139,2021-01-22 21:18:29.780636478,2,0,False,,20210125.0
10550,-1,1,1,1,9792.0,1,2021-01-22 21:18:30.531090181,2021-01-22 21:18:30.780980171,1,0,False,,20210125.0
10551,-1,1,1,1,9792.0,1,2021-01-22 21:18:30.780980171,2021-01-22 21:18:31.031109028,1,0,False,,20210125.0
10552,1,2,1,1,9792.0,1,2021-01-22 21:18:42.536990266,2021-01-22 21:18:42.787070356,2,0,False,,20210125.0
10555,-1,1,1,1,9792.0,1,2021-01-22 21:18:53.040757441,2021-01-22 21:18:54.042142105,1,0,False,,20210125.0
10556,1,2,1,1,9790.0,3,2021-01-22 21:18:59.543082150,2021-01-22 21:19:00.043078194,0,0,False,15.0,20210125.0
10557,1,2,1,1,9790.0,3,2021-01-22 21:18:59.793148378,2021-01-22 21:19:00.043078194,0,0,False,,20210125.0
10559,-1,1,1,1,9789.0,3,2021-01-22 21:19:11.297008352,2021-01-22 21:19:12.297363238,1,0,False,12.0,20210125.0
10560,1,2,1,1,9788.0,1,2021-01-22 21:19:14.047976922,2021-01-22 21:19:14.548300472,1,0,False,3.0,20210125.0
10561,-1,1,1,1,9788.0,3,2021-01-22 21:19:14.798414071,2021-01-22 21:19:15.298490537,0,0,False,16.0,20210125.0
10562,1,2,1,1,9787.0,3,2021-01-22 21:19:18.299670012,2021-01-22 21:19:19.049686989,0,0,False,8.0,20210125.0
10563,-1,1,1,1,9786.0,1,2021-01-22 21:19:21.300607065,2021-01-22 21:19:21.550701687,0,0,False,,20210125.0
10564,-1,1,1,1,9786.0,4,2021-01-22 21:19:21.550701687,2021-01-22 21:19:22.801191664,1,0,False,0.0,20210125.0
10565,1,2,1,1,9785.0,3,2021-01-22 21:19:22.801191664,2021-01-22 21:19:23.051121080,0,0,False,,20210125.0
10566,1,2,1,1,9786.0,3,2021-01-22 21:19:23.551543919,2021-01-22 21:19:24.051601336,0,0,False,12.0,20210125.0
10567,-1,1,1,1,9787.0,3,2021-01-22 21:19:25.051891911,2021-01-22 21:19:25.302093717,0,0,False,,20210125.0
10568,-1,1,1,1,9787.0,3,2021-01-22 21:19:27.302966163,2021-01-22 21:19:28.303288028,0,0,False,3.0,20210125.0
10569,1,2,1,1,9785.0,3,2021-01-22 21:19:35.306366972,2021-01-22 21:19:36.056547713,0,0,False,4.0,20210125.0
10570,-1,1,1,1,9786.0,1,2021-01-22 21:19:36.557053160,2021-01-22 21:19:38.307780910,0,0,False,7.0,20210125.0
10571,1,2,1,1,9785.0,3,2021-01-22 21:19:38.307780910,2021-01-22 21:19:40.058643015,0,0,False,16.0,20210125.0
10572,1,2,1,1,9786.0,3,2021-01-22 21:19:41.809492630,2021-01-22 21:19:44.061001295,0,0,False,3.0,20210125.0
10573,1,1,1,1,9787.0,3,2021-01-22 21:19:44.061001295,2021-01-22 21:19:46.061767223,0,0,False,7.0,20210125.0
10575,-1,2,1,1,9788.0,1,2021-01-22 21:19:47.062148664,2021-01-22 21:19:47.312344917,2,0,False,,20210125.0
10576,-1,1,1,1,9788.0,1,2021-01-22 21:19:47.562508891,2021-01-22 21:19:48.562739991,0,0,False,11.0,20210125.0
10577,1,2,1,1,9788.0,1,2021-01-22 21:19:49.062809526,2021-01-22 21:19:49.562999524,1,0,False,3.0,20210125.0
10578,-1,1,1,1,9788.0,3,2021-01-22 21:19:52.314088714,2021-01-22 21:19:57.316021814,0,0,False,3.0,20210125.0
10579,-1,1,1,1,9786.0,3,2021-01-22 21:20:00.817427684,2021-01-22 21:20:01.567911556,1,0,False,15.0,20210125.0
10580,1,2,1,1,9785.0,3,2021-01-22 21:20:03.318457984,2021-01-22 21:20:04.068802810,0,0,False,10.0,20210125.0
10582,-1,1,1,1,9787.0,1,2021-01-22 21:20:11.821974455,2021-01-22 21:20:12.321682291,1,0,False,1.0,20210125.0
10583,1,2,1,1,9787.0,3,2021-01-22 21:20:12.571796921,2021-01-22 21:20:16.072875363,0,0,False,9.0,20210125.0
10581,1,2,1,1,9786.0,3,2021-01-22 21:20:11.321365825,2021-01-22 21:20:16.072875363,0,0,False,10.0,20210125.0
10584,1,1,1,1,9788.0,3,2021-01-22 21:20:16.823250953,2021-01-22 21:20:17.073256540,2,0,False,,20210125.0
10585,-1,2,1,1,9789.0,3,2021-01-22 21:20:17.073256540,2021-01-22 21:20:17.323380736,0,0,False,,20210125.0
10586,-1,1,1,1,9788.0,1,2021-01-22 21:20:18.073639536,2021-01-22 21:20:18.323668554,1,0,False,,20210125.0
10587,1,2,1,1,9788.0,3,2021-01-22 21:20:19.324005195,2021-01-22 21:20:21.075402858,0,0,False,8.0,20210125.0
10590,-1,1,1,1,9789.0,1,2021-01-22 21:20:21.325500371,2021-01-22 21:20:21.575634556,0,0,False,,20210125.0
10591,1,2,1,1,9788.0,3,2021-01-22 21:20:22.075633586,2021-01-22 21:20:23.075952127,0,0,False,9.0,20210125.0
10592,1,1,1,1,9788.0,3,2021-01-22 21:20:22.325807561,2021-01-22 21:20:23.075952127,0,0,False,9.0,20210125.0
10593,1,1,1,1,9788.0,3,2021-01-22 21:20:23.075952127,2021-01-22 21:20:26.077176025,0,0,False,6.0,20210125.0
10594,-1,2,1,1,9791.0,3,2021-01-22 21:20:28.578016200,2021-01-22 21:20:29.328226148,0,0,False,15.0,20210125.0
10595,1,1,1,1,9790.0,3,2021-01-22 21:20:29.328226148,2021-01-22 21:20:30.078496067,0,0,False,15.0,20210125.0
10596,-1,2,1,1,9791.0,1,2021-01-22 21:20:31.579031427,2021-01-22 21:20:31.829163189,1,0,False,,20210125.0
10597,-1,2,1,1,9791.0,3,2021-01-22 21:20:32.083385620,2021-01-22 21:20:32.329359191,1,0,False,,20210125.0
10600,1,1,1,1,9790.0,1,2021-01-22 21:20:33.329744760,2021-01-22 21:20:34.079925808,0,0,False,1.0,20210125.0
10598,-1,2,1,1,9791.0,3,2021-01-22 21:20:32.329359191,2021-01-22 21:20:34.330018424,0,0,False,20.0,20210125.0
10599,-1,1,1,1,9791.0,3,2021-01-22 21:20:32.579478085,2021-01-22 21:20:34.330018424,0,0,False,20.0,20210125.0
10601,-1,1,1,1,9791.0,3,2021-01-22 21:20:34.079925808,2021-01-22 21:20:34.330018424,0,0,False,,20210125.0
10603,1,2,1,1,9792.0,3,2021-01-22 21:20:36.830843921,2021-01-22 21:20:37.081158999,2,0,False,,20210125.0
10602,1,2,1,1,9790.0,3,2021-01-22 21:20:34.330018424,2021-01-22 21:20:37.081158999,1,0,False,7.0,20210125.0
10604,1,1,1,1,9792.0,1,2021-01-22 21:20:37.081158999,2021-01-22 21:20:37.581587966,0,0,False,2.0,20210125.0
10605,-1,2,1,1,9792.0,3,2021-01-22 21:20:37.831628313,2021-01-22 21:20:38.331771004,1,0,False,2.0,20210125.0
10606,-1,1,1,1,9791.0,1,2021-01-22 21:20:39.582305474,2021-01-22 21:20:40.090398555,1,0,False,37.0,20210125.0
10607,-1,1,1,1,9791.0,1,2021-01-22 21:20:40.090398555,2021-01-22 21:20:40.332547904,1,0,False,,20210125.0
10608,1,2,1,1,9791.0,1,2021-01-22 21:20:41.833082369,2021-01-22 21:20:42.334270087,0,0,False,13.0,20210125.0
10609,-1,1,1,1,9792.0,3,2021-01-22 21:20:42.584335422,2021-01-22 21:20:43.334574428,0,0,False,9.0,20210125.0
10610,1,2,1,1,9791.0,1,2021-01-22 21:20:43.584753116,2021-01-22 21:20:43.834857870,0,0,False,,20210125.0
10611,-1,1,1,1,9792.0,1,2021-01-22 21:20:43.834857870,2021-01-22 21:20:44.835168441,0,0,False,57.0,20210125.0
10612,1,2,1,1,9793.0,1,2021-01-22 21:20:49.086935110,2021-01-22 21:20:49.587124072,2,0,False,37.0,20210125.0
10613,-1,1,1,1,9792.0,1,2021-01-22 21:20:49.587124072,2021-01-22 21:20:49.837253842,2,0,False,,20210125.0
10614,1,2,1,1,9789.0,1,2021-01-22 21:20:55.589633567,2021-01-22 21:20:55.839858723,0,0,False,,20210125.0
10615,1,2,1,1,9789.0,1,2021-01-22 21:20:56.589951149,2021-01-22 21:20:56.840029870,0,0,False,,20210125.0
10616,1,1,1,1,9789.0,1,2021-01-22 21:20:57.090000611,2021-01-22 21:20:57.340468645,0,0,False,,20210125.0
10617,1,1,1,1,9789.0,3,2021-01-22 21:20:58.090338694,2021-01-22 21:20:59.090733733,0,0,False,14.0,20210125.0
10618,-1,2,1,1,9791.0,1,2021-01-22 21:21:01.591678604,2021-01-22 21:21:02.342045037,0,0,False,11.0,20210125.0
10619,1,1,1,1,9792.0,1,2021-01-22 21:21:03.092168185,2021-01-22 21:21:03.342476898,0,0,False,,20210125.0
10620,-1,2,1,1,9792.0,3,2021-01-22 21:21:03.342476898,2021-01-22 21:21:05.343987903,0,0,False,1.0,20210125.0
10621,-1,2,1,1,9792.0,1,2021-01-22 21:21:06.843835190,2021-01-22 21:21:08.094347901,0,0,False,1.0,20210125.0
10622,-1,1,1,1,9793.0,3,2021-01-22 21:21:08.844441038,2021-01-22 21:21:11.345402710,0,0,False,11.0,20210125.0
10623,-1,1,1,1,9793.0,3,2021-01-22 21:21:11.845586562,2021-01-22 21:21:12.345824342,0,0,False,11.0,20210125.0
10624,1,2,1,1,9795.0,1,2021-01-22 21:23:32.400637566,2021-01-22 21:23:32.650827118,1,0,False,,20210125.0
10625,1,2,1,1,9794.0,1,2021-01-22 21:23:34.151354152,2021-01-22 21:23:34.401389439,1,0,False,,20210125.0
10626,-1,1,1,1,9793.0,4,2021-01-22 21:23:35.151646115,2021-01-22 21:23:35.651895980,1,0,False,0.0,20210125.0
10627,1,2,1,1,9792.0,1,2021-01-22 21:23:36.402114136,2021-01-22 21:23:36.652208101,0,0,False,,20210125.0
10628,1,1,1,1,9792.0,1,2021-01-22 21:23:41.153815655,2021-01-22 21:23:43.404487537,1,0,False,17.0,20210125.0
10629,-1,2,1,1,9793.0,3,2021-01-22 21:23:43.904498327,2021-01-22 21:23:44.154762166,0,0,False,,20210125.0
10630,-1,1,1,1,9793.0,1,2021-01-22 21:23:44.654909168,2021-01-22 21:23:45.655326137,0,0,False,3.0,20210125.0
10631,1,2,1,1,9792.0,1,2021-01-22 21:23:45.655326137,2021-01-22 21:23:46.156412137,0,0,False,15.0,20210125.0
10632,-1,1,1,1,9793.0,3,2021-01-22 21:23:45.905897312,2021-01-22 21:23:47.156212092,0,0,False,21.0,20210125.0
10633,-1,1,1,1,9793.0,3,2021-01-22 21:23:46.156412137,2021-01-22 21:23:47.156212092,0,0,False,21.0,20210125.0
10634,1,2,1,1,9792.0,3,2021-01-22 21:23:47.656452930,2021-01-22 21:23:48.907018863,0,0,False,11.0,20210125.0
10635,-1,1,1,1,9793.0,1,2021-01-22 21:23:48.907018863,2021-01-22 21:23:52.408395089,0,0,False,4.0,20210125.0
10636,1,2,1,1,9792.0,3,2021-01-22 21:23:53.408961420,2021-01-22 21:23:54.909574558,0,0,False,16.0,20210125.0
10637,-1,1,1,1,9793.0,1,2021-01-22 21:23:55.159808474,2021-01-22 21:23:55.909945869,0,0,False,2.0,20210125.0
10640,1,2,1,1,9793.0,3,2021-01-22 21:23:58.660976731,2021-01-22 21:23:58.910910581,0,0,False,,20210125.0
10638,1,2,1,1,9792.0,3,2021-01-22 21:23:56.160149912,2021-01-22 21:23:58.910910581,0,0,False,16.0,20210125.0
10641,-1,1,1,1,9793.0,3,2021-01-22 21:24:01.662190852,2021-01-22 21:24:02.162542439,0,0,False,14.0,20210125.0
10643,1,2,1,1,9792.0,1,2021-01-22 21:24:02.412442983,2021-01-22 21:24:02.662600445,1,0,False,,20210125.0
10642,-1,1,1,1,9793.0,1,2021-01-22 21:24:02.162542439,2021-01-22 21:24:02.913118506,0,0,False,15.0,20210125.0
10644,-1,1,1,1,9793.0,1,2021-01-22 21:24:02.662600445,2021-01-22 21:24:02.913118506,0,0,False,,20210125.0
10645,1,2,1,1,9794.0,4,2021-01-22 21:24:05.663704533,2021-01-22 21:24:06.663865910,0,0,False,0.0,20210125.0
10646,-1,1,1,1,9794.0,3,2021-01-22 21:24:06.663865910,2021-01-22 21:24:09.164682372,2,0,False,30.0,20210125.0
10647,1,2,1,1,9791.0,1,2021-01-22 21:24:14.416884055,2021-01-22 21:24:16.167533029,0,0,False,15.0,20210125.0
10648,-1,1,1,1,9791.0,2,2021-01-22 21:24:21.169307713,2021-01-22 21:24:21.419468436,0,0,False,,20210125.0
10649,1,2,1,1,9790.0,1,2021-01-22 21:24:21.419468436,2021-01-22 21:24:21.669547232,0,0,False,,20210125.0
10650,1,2,1,1,9790.0,3,2021-01-22 21:24:22.170568118,2021-01-22 21:24:22.919868612,0,0,False,10.0,20210125.0
10651,-1,1,1,1,9791.0,3,2021-01-22 21:24:22.670016428,2021-01-22 21:24:23.170128483,1,0,False,6.0,20210125.0
10652,-1,1,1,1,9791.0,3,2021-01-22 21:24:22.919868612,2021-01-22 21:24:23.170128483,0,0,False,,20210125.0
10653,1,2,1,1,9790.0,1,2021-01-22 21:24:25.920915346,2021-01-22 21:24:26.421141084,1,0,False,4.0,20210125.0
10654,1,2,1,1,9790.0,1,2021-01-22 21:24:27.171582627,2021-01-22 21:24:27.421584239,0,0,False,,20210125.0
10655,-1,1,1,1,9791.0,3,2021-01-22 21:24:27.421584239,2021-01-22 21:24:29.922192632,0,0,False,35.0,20210125.0
10656,-1,1,1,1,9791.0,3,2021-01-22 21:24:27.671715685,2021-01-22 21:24:29.922192632,0,0,False,36.0,20210125.0
10657,1,2,1,1,9790.0,1,2021-01-22 21:24:30.672739471,2021-01-22 21:24:31.673087512,1,0,False,3.0,20210125.0
10658,-1,1,1,1,9790.0,3,2021-01-22 21:24:31.923178500,2021-01-22 21:24:35.174235257,0,0,False,17.0,20210125.0
10659,1,2,1,1,9789.0,3,2021-01-22 21:24:35.674441725,2021-01-22 21:24:36.924731774,0,0,False,8.0,20210125.0
10660,-1,1,1,1,9790.0,1,2021-01-22 21:24:37.174898471,2021-01-22 21:24:38.425231979,0,0,False,14.0,20210125.0
10661,1,2,1,1,9789.0,3,2021-01-22 21:24:38.175156830,2021-01-22 21:24:38.925320442,0,0,False,3.0,20210125.0
10662,1,2,1,1,9789.0,3,2021-01-22 21:24:38.425231979,2021-01-22 21:24:38.925320442,0,0,False,22.0,20210125.0
10663,-1,1,1,1,9790.0,3,2021-01-22 21:24:39.925679494,2021-01-22 21:24:40.676081064,0,0,False,,20210125.0
10664,-1,1,1,1,9790.0,1,2021-01-22 21:24:40.676081064,2021-01-22 21:24:41.426354607,0,0,False,10.0,20210125.0
10665,1,2,1,1,9790.0,1,2021-01-22 21:24:42.926773415,2021-01-22 21:24:43.426994011,1,0,False,1.0,20210125.0
10666,1,2,1,1,9789.0,1,2021-01-22 21:24:45.427723298,2021-01-22 21:24:46.427971885,0,0,False,10.0,20210125.0
10669,1,1,1,1,9787.0,3,2021-01-22 21:24:50.429362534,2021-01-22 21:24:50.929460335,0,0,False,17.0,20210125.0
10670,-1,2,1,1,9788.0,1,2021-01-22 21:24:50.929460335,2021-01-22 21:24:51.179827602,0,0,False,,20210125.0
10667,-1,1,1,1,9789.0,3,2021-01-22 21:24:49.429098224,2021-01-22 21:24:51.179827602,0,0,False,3.0,20210125.0
10668,-1,1,1,1,9789.0,3,2021-01-22 21:24:49.679211198,2021-01-22 21:24:51.179827602,0,0,False,4.0,20210125.0
10671,1,2,1,1,9788.0,1,2021-01-22 21:24:51.179827602,2021-01-22 21:24:51.930003710,0,0,False,2.0,20210125.0
10672,1,2,1,1,9788.0,1,2021-01-22 21:24:51.429801379,2021-01-22 21:24:51.930003710,0,0,False,2.0,20210125.0
10673,1,1,1,1,9787.0,3,2021-01-22 21:24:51.930003710,2021-01-22 21:24:53.930509377,0,0,False,20.0,20210125.0
10674,1,1,1,1,9787.0,1,2021-01-22 21:24:54.430840576,2021-01-22 21:24:55.431180704,0,0,False,21.0,20210125.0
10675,-1,2,1,1,9788.0,1,2021-01-22 21:24:55.431180704,2021-01-22 21:24:58.182203678,0,0,False,36.0,20210125.0
10676,-1,2,1,1,9788.0,1,2021-01-22 21:24:57.932227136,2021-01-22 21:24:58.182203678,0,0,False,,20210125.0
10677,1,1,1,1,9788.0,3,2021-01-22 21:24:58.182203678,2021-01-22 21:24:59.932680777,0,0,False,14.0,20210125.0
10678,-1,2,1,1,9790.0,1,2021-01-22 21:24:58.932479807,2021-01-22 21:25:00.182910685,0,0,False,1.0,20210125.0
10679,-1,1,1,1,9790.0,1,2021-01-22 21:25:00.683058196,2021-01-22 21:25:00.933186726,0,0,False,,20210125.0
10680,1,2,1,1,9790.0,1,2021-01-22 21:25:05.185975195,2021-01-22 21:25:05.686221430,0,0,False,2.0,20210125.0
10681,1,1,1,1,9790.0,1,2021-01-22 21:25:05.436081211,2021-01-22 21:25:05.686221430,0,0,False,,20210125.0
10682,1,1,1,1,9790.0,1,2021-01-22 21:25:05.686221430,2021-01-22 21:25:05.936071962,1,0,False,,20210125.0
10683,-1,2,1,1,9790.0,3,2021-01-22 21:25:06.186208455,2021-01-22 21:25:07.436772552,0,0,False,2.0,20210125.0
10685,-1,2,1,1,9790.0,3,2021-01-22 21:25:08.187105701,2021-01-22 21:25:11.188010245,0,0,False,2.0,20210125.0
10688,-1,1,1,1,9790.0,3,2021-01-22 21:25:12.438463199,2021-01-22 21:25:12.938481160,0,0,False,20.0,20210125.0
10689,-1,1,1,1,9789.0,1,2021-01-22 21:25:12.938481160,2021-01-22 21:25:16.939971714,0,0,False,6.0,20210125.0
10690,1,2,1,1,9789.0,1,2021-01-22 21:25:16.939971714,2021-01-22 21:25:17.190148625,1,0,False,,20210125.0
10691,1,2,1,1,9789.0,1,2021-01-22 21:25:17.190148625,2021-01-22 21:25:17.440408485,1,0,False,,20210125.0
10692,-1,1,1,1,9789.0,1,2021-01-22 21:25:20.941326108,2021-01-22 21:25:21.691579977,0,0,False,1.0,20210125.0
10693,1,2,1,1,9789.0,2,2021-01-22 21:25:21.691579977,2021-01-22 21:25:22.191817708,1,0,False,,20210125.0
10694,-1,1,1,1,9789.0,1,2021-01-22 21:25:22.441876200,2021-01-22 21:25:23.942213490,0,0,False,0.0,20210125.0
10695,-1,1,1,1,9789.0,3,2021-01-22 21:25:25.192791859,2021-01-22 21:25:27.193426957,0,0,False,2.0,20210125.0
10698,1,1,1,1,9790.0,1,2021-01-22 21:26:04.456037802,2021-01-22 21:26:04.706150544,1,0,False,,20210125.0
10699,-1,2,1,1,9790.0,1,2021-01-22 21:26:04.956186244,2021-01-22 21:26:05.206236618,0,0,False,,20210125.0
10700,1,2,1,1,9790.0,3,2021-01-22 21:26:06.706820340,2021-01-22 21:26:06.956701400,1,0,False,,20210125.0
10696,1,2,1,1,9788.0,3,2021-01-22 21:26:00.454619930,2021-01-22 21:26:06.956701400,0,0,False,6.0,20210125.0
10697,1,1,1,1,9788.0,3,2021-01-22 21:26:01.205016189,2021-01-22 21:26:06.956701400,0,0,False,22.0,20210125.0
10701,-1,2,1,1,9790.0,3,2021-01-22 21:26:08.707433954,2021-01-22 21:26:11.208587593,0,0,False,4.0,20210125.0
10703,1,1,1,1,9789.0,3,2021-01-22 21:26:11.958575435,2021-01-22 21:26:12.958941969,0,0,False,1.0,20210125.0
10704,1,1,1,1,9789.0,1,2021-01-22 21:26:12.958941969,2021-01-22 21:26:13.959262090,0,0,False,1.0,20210125.0
10702,-1,2,1,1,9790.0,4,2021-01-22 21:26:11.458548437,2021-01-22 21:26:22.712393201,0,0,False,0.0,20210125.0
10705,-1,2,1,1,9790.0,1,2021-01-22 21:26:20.461711822,2021-01-22 21:26:22.962321677,0,0,False,4.0,20210125.0
10706,-1,1,1,1,9790.0,1,2021-01-22 21:26:23.713484986,2021-01-22 21:26:24.463726931,0,0,False,1.0,20210125.0
10707,1,2,1,1,9790.0,1,2021-01-22 21:26:24.463726931,2021-01-22 21:26:24.713771639,1,0,False,,20210125.0
10708,-1,1,1,1,9790.0,1,2021-01-22 21:26:24.963919115,2021-01-22 21:26:27.714793954,0,0,False,1.0,20210125.0
10709,-1,1,1,1,9790.0,1,2021-01-22 21:26:25.214134225,2021-01-22 21:26:27.714793954,0,0,False,2.0,20210125.0
10710,1,2,1,1,9789.0,3,2021-01-22 21:26:29.965382157,2021-01-22 21:26:31.966166609,0,0,False,8.0,20210125.0
10711,1,2,1,1,9789.0,3,2021-01-22 21:26:32.716518833,2021-01-22 21:26:38.968905041,0,0,False,8.0,20210125.0
10712,1,1,1,1,9789.0,1,2021-01-22 21:26:40.719777782,2021-01-22 21:26:40.969852663,0,0,False,,20210125.0
10713,1,1,1,1,9789.0,3,2021-01-22 21:26:40.969852663,2021-01-22 21:26:43.970649296,1,0,False,1.0,20210125.0
10714,-1,2,1,1,9790.0,1,2021-01-22 21:26:48.972469828,2021-01-22 21:26:49.472760371,0,0,False,,20210125.0
10715,1,1,1,1,9790.0,1,2021-01-22 21:26:51.473449151,2021-01-22 21:26:51.973671213,1,0,False,2.0,20210125.0
10716,-1,2,1,1,9790.0,1,2021-01-22 21:26:52.473832739,2021-01-22 21:26:52.973868321,0,0,False,,20210125.0
10717,-1,2,1,1,9791.0,1,2021-01-22 21:26:55.224738950,2021-01-22 21:26:55.724979904,1,0,False,3.0,20210125.0
10718,-1,1,1,1,9791.0,1,2021-01-22 21:26:55.474811975,2021-01-22 21:26:55.724979904,0,0,False,,20210125.0
10719,1,2,1,1,9791.0,1,2021-01-22 21:26:59.976411674,2021-01-22 21:27:00.476618360,1,0,False,,20210125.0
10720,-1,1,1,1,9791.0,3,2021-01-22 21:27:00.476618360,2021-01-22 21:27:01.977021123,0,0,False,1.0,20210125.0
10721,-1,1,1,1,9791.0,1,2021-01-22 21:27:03.727705525,2021-01-22 21:27:06.478753184,0,0,False,1.0,20210125.0
10722,1,2,1,1,9791.0,1,2021-01-22 21:27:08.979475116,2021-01-22 21:27:09.229672053,1,0,False,,20210125.0
10723,1,2,1,1,9791.0,1,2021-01-22 21:27:09.229672053,2021-01-22 21:27:09.479691091,1,0,False,,20210125.0
10724,-1,1,1,1,9791.0,1,2021-01-22 21:27:11.730610888,2021-01-22 21:27:11.980660810,1,0,False,,20210125.0
10725,-1,1,1,1,9791.0,1,2021-01-22 21:27:13.231249481,2021-01-22 21:27:13.481333682,1,0,False,,20210125.0
10726,1,2,1,1,9789.0,4,2021-01-22 21:27:39.241028571,2021-01-22 21:27:42.992185626,0,0,False,0.0,20210125.0
10727,1,1,1,1,9789.0,4,2021-01-22 21:27:39.491014699,2021-01-22 21:27:42.992185626,0,0,False,0.0,20210125.0
10728,1,1,1,1,9789.0,4,2021-01-22 21:27:39.741048048,2021-01-22 21:27:45.243219287,0,0,False,0.0,20210125.0
10729,1,2,1,1,9789.0,1,2021-01-22 21:27:43.492405763,2021-01-22 21:27:46.743752016,0,0,False,2.0,20210125.0
10730,-1,2,1,1,9789.0,1,2021-01-22 21:27:46.994153383,2021-01-22 21:27:48.244221682,1,0,False,0.0,20210125.0
10731,-1,2,1,1,9789.0,1,2021-01-22 21:27:47.494033055,2021-01-22 21:27:48.244221682,0,0,False,1.0,20210125.0
10732,-1,1,1,1,9789.0,3,2021-01-22 21:27:49.744708065,2021-01-22 21:27:49.994728425,1,0,False,,20210125.0
10733,1,2,1,1,9789.0,1,2021-01-22 21:27:51.495313683,2021-01-22 21:27:51.745423594,1,0,False,,20210125.0
10734,1,1,1,1,9789.0,1,2021-01-22 21:27:51.745423594,2021-01-22 21:27:51.995766911,1,0,False,,20210125.0
10735,1,1,1,1,9789.0,1,2021-01-22 21:27:51.995766911,2021-01-22 21:27:52.245543284,1,0,False,,20210125.0
10737,-1,2,1,1,9789.0,3,2021-01-22 21:27:56.246931788,2021-01-22 21:28:10.001475533,0,0,False,5.0,20210125.0
10736,-1,2,1,1,9790.0,3,2021-01-22 21:27:55.496652264,2021-01-22 21:28:10.001475533,0,0,False,21.0,20210125.0
10738,-1,1,1,1,9790.0,3,2021-01-22 21:28:11.502223452,2021-01-22 21:28:15.003212013,0,0,False,25.0,20210125.0
10739,-1,1,1,1,9790.0,3,2021-01-22 21:28:12.002279298,2021-01-22 21:28:15.003212013,0,0,False,26.0,20210125.0
10740,1,2,1,1,9787.0,3,2021-01-22 21:28:22.505737236,2021-01-22 21:28:28.007613961,0,0,False,24.0,20210125.0
10743,1,2,1,1,9787.0,3,2021-01-22 21:28:28.007613961,2021-01-22 21:28:31.008420201,0,0,False,26.0,20210125.0
10744,1,1,1,1,9787.0,3,2021-01-22 21:28:28.757988750,2021-01-22 21:28:31.008420201,0,0,False,26.0,20210125.0
10746,1,1,1,1,9788.0,1,2021-01-22 21:28:33.759478149,2021-01-22 21:28:36.510346084,0,0,False,1.0,20210125.0
10747,-1,2,1,1,9787.0,1,2021-01-22 21:28:41.262002986,2021-01-22 21:28:41.762215765,1,0,False,2.0,20210125.0
10748,-1,2,1,1,9787.0,1,2021-01-22 21:28:41.512089834,2021-01-22 21:28:41.762215765,0,0,False,,20210125.0
10749,1,1,1,1,9787.0,3,2021-01-22 21:28:41.762215765,2021-01-22 21:28:43.012429535,0,0,False,7.0,20210125.0
10750,1,1,1,1,9787.0,3,2021-01-22 21:28:42.012119383,2021-01-22 21:28:43.012429535,0,0,False,13.0,20210125.0
10752,-1,2,1,1,9787.0,4,2021-01-22 21:28:57.267644261,2021-01-22 21:28:57.767837194,1,0,False,0.0,20210125.0
10753,-1,2,1,1,9786.0,3,2021-01-22 21:29:00.018784792,2021-01-22 21:29:00.269083915,2,0,False,,20210125.0
10754,-1,1,1,1,9786.0,3,2021-01-22 21:29:00.269083915,2021-01-22 21:29:01.269452147,0,0,False,11.0,20210125.0
10755,1,1,1,1,9786.0,4,2021-01-22 21:29:02.019730990,2021-01-22 21:29:03.520283626,2,0,False,0.0,20210125.0
10756,1,1,1,1,9786.0,4,2021-01-22 21:29:02.270080169,2021-01-22 21:29:05.270814088,0,0,False,0.0,20210125.0
10757,1,2,1,1,9786.0,3,2021-01-22 21:29:02.520025007,2021-01-22 21:29:07.021334321,0,0,False,0.0,20210125.0
10758,-1,2,1,1,9786.0,3,2021-01-22 21:29:15.024175604,2021-01-22 21:29:15.274466028,1,0,False,,20210125.0
10759,1,1,1,1,9786.0,1,2021-01-22 21:29:15.774651021,2021-01-22 21:29:16.024754909,1,0,False,,20210125.0
10760,-1,2,1,1,9788.0,3,2021-01-22 21:29:21.027521434,2021-01-22 21:29:22.027874991,0,0,False,5.0,20210125.0
10762,-1,2,1,1,9787.0,1,2021-01-22 21:29:22.528163540,2021-01-22 21:29:22.778273695,0,0,False,,20210125.0
10761,1,1,1,1,9786.0,3,2021-01-22 21:29:22.278147173,2021-01-22 21:29:24.028528967,0,0,False,10.0,20210125.0
10764,1,1,1,1,9786.0,3,2021-01-22 21:29:24.028528967,2021-01-22 21:29:27.029580209,0,0,False,14.0,20210125.0
10765,-1,2,1,1,9787.0,1,2021-01-22 21:29:30.280848705,2021-01-22 21:29:30.530942027,0,0,False,,20210125.0
10766,1,1,1,1,9786.0,3,2021-01-22 21:29:30.530942027,2021-01-22 21:29:32.031312601,0,0,False,17.0,20210125.0
10767,-1,2,1,1,9787.0,3,2021-01-22 21:29:32.031312601,2021-01-22 21:29:32.531574432,0,0,False,,20210125.0
10768,1,1,1,1,9786.0,1,2021-01-22 21:29:33.281829075,2021-01-22 21:29:37.533184321,0,0,False,7.0,20210125.0
10769,-1,2,1,1,9787.0,3,2021-01-22 21:29:34.532214464,2021-01-22 21:29:38.033233231,0,0,False,6.0,20210125.0
10770,1,1,1,1,9786.0,3,2021-01-22 21:29:39.033592879,2021-01-22 21:29:44.035291587,0,0,False,8.0,20210125.0
10771,-1,2,1,1,9788.0,3,2021-01-22 21:29:54.289731429,2021-01-22 21:29:55.290190324,1,0,False,5.0,20210125.0
10772,-1,2,1,1,9788.0,3,2021-01-22 21:29:54.539818031,2021-01-22 21:29:55.290190324,0,0,False,5.0,20210125.0
10773,-1,1,1,1,9788.0,3,2021-01-22 21:29:58.041397684,2021-01-22 21:30:01.293051494,0,0,False,0.0,20210125.0
10774,-1,1,1,1,9788.0,3,2021-01-22 21:29:59.542065875,2021-01-22 21:30:01.293051494,0,0,False,0.0,20210125.0
10777,1,1,1,1,9787.0,4,2021-01-22 21:30:05.294759367,2021-01-22 21:30:06.295194278,1,0,False,0.0,20210125.0
10778,1,2,1,1,9787.0,3,2021-01-22 21:30:05.545059305,2021-01-22 21:30:07.045233793,0,0,False,6.0,20210125.0
10779,1,2,1,1,9788.0,3,2021-01-22 21:30:07.795650715,2021-01-22 21:30:08.545910215,1,0,False,3.0,20210125.0
10780,-1,2,1,1,9787.0,1,2021-01-22 21:30:10.296558327,2021-01-22 21:30:12.547385061,0,0,False,2.0,20210125.0
10781,-1,1,1,1,9787.0,1,2021-01-22 21:30:10.546623657,2021-01-22 21:30:12.547385061,0,0,False,10.0,20210125.0
10782,1,2,1,1,9787.0,3,2021-01-22 21:30:13.047458562,2021-01-22 21:30:14.048031960,1,0,False,5.0,20210125.0
10783,1,1,1,1,9787.0,1,2021-01-22 21:30:16.548955303,2021-01-22 21:30:16.799163258,1,0,False,,20210125.0
10784,1,1,1,1,9787.0,4,2021-01-22 21:30:17.049051944,2021-01-22 21:30:17.799461206,0,0,False,0.0,20210125.0
10785,-1,2,1,1,9787.0,1,2021-01-22 21:30:18.299690274,2021-01-22 21:30:18.549746932,0,0,False,,20210125.0
10786,1,1,1,1,9789.0,1,2021-01-22 21:30:20.300493162,2021-01-22 21:30:20.800650983,1,0,False,3.0,20210125.0
10787,-1,2,1,1,9790.0,3,2021-01-22 21:30:22.051049982,2021-01-22 21:30:25.302294138,0,0,False,16.0,20210125.0
10788,-1,2,1,1,9790.0,3,2021-01-22 21:30:22.301219861,2021-01-22 21:30:25.302294138,0,0,False,16.0,20210125.0
10789,-1,1,1,1,9790.0,3,2021-01-22 21:30:22.551369857,2021-01-22 21:30:25.302294138,0,0,False,16.0,20210125.0
10790,-1,1,1,1,9790.0,3,2021-01-22 21:30:23.051330065,2021-01-22 21:30:25.302294138,0,0,False,17.0,20210125.0
10791,1,2,1,1,9789.0,1,2021-01-22 21:30:25.802582001,2021-01-22 21:30:26.052547939,1,0,False,,20210125.0
10793,1,2,1,1,9789.0,1,2021-01-22 21:30:27.303089721,2021-01-22 21:30:28.053424898,0,0,False,3.0,20210125.0
10792,-1,1,1,1,9790.0,3,2021-01-22 21:30:27.052831536,2021-01-22 21:30:30.304172966,0,0,False,13.0,20210125.0
10795,1,2,1,1,9790.0,1,2021-01-22 21:30:31.304594693,2021-01-22 21:30:31.804838444,1,0,False,8.0,20210125.0
10796,1,1,1,1,9790.0,1,2021-01-22 21:30:31.804838444,2021-01-22 21:30:32.304906410,1,0,False,3.0,20210125.0
10797,1,1,1,1,9790.0,1,2021-01-22 21:30:32.554964554,2021-01-22 21:30:33.055155851,1,0,False,5.0,20210125.0
10798,-1,2,1,1,9790.0,1,2021-01-22 21:30:34.805959420,2021-01-22 21:30:35.556232808,0,0,False,9.0,20210125.0
10799,-1,2,1,1,9790.0,1,2021-01-22 21:30:35.056051319,2021-01-22 21:30:35.556232808,0,0,False,9.0,20210125.0
10800,-1,1,1,1,9790.0,1,2021-01-22 21:30:35.306079720,2021-01-22 21:30:35.556232808,0,0,False,,20210125.0
10801,-1,1,1,1,9790.0,1,2021-01-22 21:30:36.056214700,2021-01-22 21:30:36.306562891,0,0,False,,20210125.0
10802,1,2,1,1,9790.0,3,2021-01-22 21:30:36.306562891,2021-01-22 21:30:37.056934104,1,0,False,0.0,20210125.0
10803,1,2,1,1,9791.0,3,2021-01-22 21:30:37.307222926,2021-01-22 21:30:38.057450722,1,0,False,11.0,20210125.0
10804,1,1,1,1,9789.0,3,2021-01-22 21:30:39.058071324,2021-01-22 21:30:41.059466027,0,0,False,10.0,20210125.0
10805,1,1,1,1,9790.0,1,2021-01-22 21:30:42.810792041,2021-01-22 21:30:43.060503027,1,0,False,,20210125.0
10806,-1,2,1,1,9790.0,1,2021-01-22 21:30:43.060503027,2021-01-22 21:30:43.310825835,1,0,False,,20210125.0
10807,1,1,1,1,9790.0,3,2021-01-22 21:30:43.560787040,2021-01-22 21:30:45.061124691,1,0,False,27.0,20210125.0
10808,-1,2,1,1,9790.0,1,2021-01-22 21:30:46.561803880,2021-01-22 21:30:47.312327644,0,0,False,6.0,20210125.0
10809,-1,2,1,1,9790.0,1,2021-01-22 21:30:46.811922689,2021-01-22 21:30:47.312327644,0,0,False,6.0,20210125.0
10810,-1,1,1,1,9790.0,3,2021-01-22 21:30:47.562263938,2021-01-22 21:30:49.062601870,0,0,False,9.0,20210125.0
10811,-1,1,1,1,9790.0,3,2021-01-22 21:30:47.812383155,2021-01-22 21:30:49.062601870,0,0,False,9.0,20210125.0
10812,1,2,1,1,9789.0,1,2021-01-22 21:30:50.062927287,2021-01-22 21:30:50.563165345,0,0,False,1.0,20210125.0
10813,-1,1,1,1,9790.0,3,2021-01-22 21:30:50.563165345,2021-01-22 21:30:51.313540501,0,0,False,13.0,20210125.0
10814,1,2,1,1,9789.0,1,2021-01-22 21:30:51.063246203,2021-01-22 21:30:51.813746109,0,0,False,3.0,20210125.0
10815,1,2,1,1,9789.0,1,2021-01-22 21:30:51.313540501,2021-01-22 21:30:51.813746109,0,0,False,6.0,20210125.0
10816,-1,1,1,1,9790.0,1,2021-01-22 21:30:51.813746109,2021-01-22 21:30:54.064551233,0,0,False,4.0,20210125.0
10817,-1,1,1,1,9790.0,1,2021-01-22 21:30:52.063741442,2021-01-22 21:30:54.064551233,0,0,False,4.0,20210125.0
10818,1,2,1,1,9789.0,3,2021-01-22 21:30:55.064829669,2021-01-22 21:30:56.065252108,0,0,False,10.0,20210125.0
10819,-1,1,1,1,9790.0,3,2021-01-22 21:31:02.317804763,2021-01-22 21:31:03.318116403,1,0,False,4.0,20210125.0
10820,1,2,1,1,9785.0,3,2021-01-22 21:31:12.571235334,2021-01-22 21:31:13.071277099,0,0,False,24.0,20210125.0
10822,1,2,1,1,9785.0,3,2021-01-22 21:31:13.071277099,2021-01-22 21:31:16.072685882,0,0,False,28.0,20210125.0
10824,1,1,1,1,9787.0,3,2021-01-22 21:31:19.324948753,2021-01-22 21:31:20.075129450,0,0,False,3.0,20210125.0
10825,1,1,1,1,9787.0,3,2021-01-22 21:31:19.575028789,2021-01-22 21:31:20.075129450,0,0,False,3.0,20210125.0
10826,-1,2,1,1,9787.0,1,2021-01-22 21:31:21.576281969,2021-01-22 21:31:21.826383039,1,0,False,,20210125.0
10828,1,1,1,1,9785.0,3,2021-01-22 21:31:22.576780142,2021-01-22 21:31:23.077081611,0,0,False,32.0,20210125.0
10827,-1,2,1,1,9787.0,3,2021-01-22 21:31:21.826383039,2021-01-22 21:31:23.327347281,1,0,False,1.0,20210125.0
10829,-1,2,1,1,9786.0,1,2021-01-22 21:31:24.327666873,2021-01-22 21:31:24.577635594,1,0,False,,20210125.0
10830,1,1,1,1,9786.0,3,2021-01-22 21:31:24.577635594,2021-01-22 21:31:25.077778770,0,0,False,10.0,20210125.0
10831,-1,2,1,1,9787.0,1,2021-01-22 21:31:26.328343675,2021-01-22 21:31:26.828600417,0,0,False,2.0,20210125.0
10832,1,1,1,1,9787.0,3,2021-01-22 21:31:27.578768824,2021-01-22 21:31:29.079160684,1,0,False,2.0,20210125.0
10833,1,1,1,1,9785.0,3,2021-01-22 21:31:30.329704725,2021-01-22 21:31:33.330927045,0,0,False,30.0,20210125.0
10835,-1,2,1,1,9788.0,3,2021-01-22 21:31:44.084385945,2021-01-22 21:31:45.334973224,0,0,False,5.0,20210125.0
10836,1,1,1,1,9787.0,1,2021-01-22 21:31:47.337054181,2021-01-22 21:31:47.585713697,0,0,False,,20210125.0
10837,-1,2,1,1,9785.0,1,2021-01-22 21:31:49.336176878,2021-01-22 21:31:50.086435581,1,0,False,5.0,20210125.0
10838,-1,2,1,1,9785.0,1,2021-01-22 21:31:49.586291728,2021-01-22 21:31:50.086435581,0,0,False,,20210125.0
10839,1,1,1,1,9785.0,3,2021-01-22 21:31:50.086435581,2021-01-22 21:31:51.086775106,0,0,False,4.0,20210125.0
10840,1,1,1,1,9785.0,3,2021-01-22 21:31:50.586712360,2021-01-22 21:31:51.086775106,0,0,False,,20210125.0
10841,-1,2,1,1,9787.0,1,2021-01-22 21:31:56.338812157,2021-01-22 21:31:56.839015672,1,0,False,3.0,20210125.0
10842,1,1,1,1,9788.0,3,2021-01-22 21:32:01.590615384,2021-01-22 21:32:04.091440610,2,0,False,8.0,20210125.0
10843,-1,2,1,1,9789.0,1,2021-01-22 21:32:09.343421887,2021-01-22 21:32:09.593494298,0,0,False,,20210125.0
10844,-1,2,1,1,9789.0,1,2021-01-22 21:32:09.843517227,2021-01-22 21:32:10.093470442,0,0,False,,20210125.0
10845,-1,1,1,1,9789.0,1,2021-01-22 21:32:10.343705266,2021-01-22 21:32:10.593858914,0,0,False,,20210125.0
10847,1,2,1,1,9787.0,1,2021-01-22 21:32:14.094981073,2021-01-22 21:32:15.095443642,0,0,False,,20210125.0
10846,-1,1,1,1,9789.0,3,2021-01-22 21:32:11.344142227,2021-01-22 21:32:18.096424878,0,0,False,7.0,20210125.0
10848,1,2,1,1,9788.0,3,2021-01-22 21:32:18.096424878,2021-01-22 21:32:20.097033400,0,0,False,,20210125.0
10849,-1,1,1,1,9789.0,1,2021-01-22 21:32:22.097866485,2021-01-22 21:32:24.098710586,0,0,False,8.0,20210125.0
10850,-1,1,1,1,9789.0,1,2021-01-22 21:32:23.098280704,2021-01-22 21:32:24.098710586,0,0,False,,20210125.0
10851,1,2,1,1,9790.0,1,2021-01-22 21:32:26.099926112,2021-01-22 21:34:38.150050679,1,0,False,,20210125.0
10852,1,2,1,1,9787.0,1,2021-01-22 21:34:38.400270313,2021-01-22 21:34:41.151079763,0,0,False,9.0,20210125.0
10853,-1,1,1,1,9786.0,3,2021-01-22 21:34:44.652528538,2021-01-22 21:34:45.152707999,1,0,False,7.0,20210125.0
10854,-1,1,1,1,9786.0,3,2021-01-22 21:34:49.154145528,2021-01-22 21:34:50.154627544,0,0,False,21.0,20210125.0
10855,1,2,1,1,9785.0,3,2021-01-22 21:34:50.154627544,2021-01-22 21:34:50.904778089,0,0,False,22.0,20210125.0
10856,1,2,1,1,9785.0,3,2021-01-22 21:34:50.404739904,2021-01-22 21:34:50.904778089,0,0,False,22.0,20210125.0
10857,-1,1,1,1,9787.0,1,2021-01-22 21:34:51.655105341,2021-01-22 21:34:51.905202781,0,0,False,,20210125.0
10858,1,2,1,1,9787.0,3,2021-01-22 21:34:52.155341062,2021-01-22 21:34:52.905692278,1,0,False,3.0,20210125.0
10859,1,1,1,1,9788.0,1,2021-01-22 21:34:52.905692278,2021-01-22 21:34:53.405849544,2,0,False,9.0,20210125.0
10860,-1,2,1,1,9788.0,1,2021-01-22 21:34:54.156004577,2021-01-22 21:34:54.406258997,0,0,False,,20210125.0
10861,-1,1,1,1,9788.0,1,2021-01-22 21:34:59.408839550,2021-01-22 21:34:59.658048279,1,0,False,,20210125.0
10862,-1,1,1,1,9788.0,1,2021-01-22 21:34:59.658048279,2021-01-22 21:34:59.908117254,1,0,False,,20210125.0
10863,1,2,1,1,9788.0,1,2021-01-22 21:35:04.409858387,2021-01-22 21:35:04.910017839,1,0,False,,20210125.0
10864,1,2,1,1,9787.0,1,2021-01-22 21:35:06.410558158,2021-01-22 21:35:06.910615085,1,0,False,1.0,20210125.0
10865,1,1,1,1,9787.0,1,2021-01-22 21:35:06.660564620,2021-01-22 21:35:06.910615085,0,0,False,,20210125.0
10866,1,1,1,1,9787.0,3,2021-01-22 21:35:07.419102575,2021-01-22 21:35:09.912341532,1,0,False,1.0,20210125.0
10867,-1,2,1,1,9788.0,1,2021-01-22 21:35:09.912341532,2021-01-22 21:35:10.662904783,1,0,False,0.0,20210125.0
10868,-1,2,1,1,9788.0,1,2021-01-22 21:35:10.162674311,2021-01-22 21:35:10.662904783,0,0,False,1.0,20210125.0
10869,1,1,1,1,9788.0,3,2021-01-22 21:35:10.662904783,2021-01-22 21:35:13.914060474,1,0,False,1.0,20210125.0
10871,-1,2,1,1,9789.0,1,2021-01-22 21:35:16.665040004,2021-01-22 21:35:16.915168921,1,0,False,,20210125.0
10872,-1,1,1,1,9789.0,1,2021-01-22 21:35:16.915168921,2021-01-22 21:35:17.165262653,1,0,False,,20210125.0
10873,-1,1,1,1,9789.0,1,2021-01-22 21:35:17.415351187,2021-01-22 21:35:17.665472469,0,0,False,,20210125.0
10874,1,2,1,1,9789.0,4,2021-01-22 21:35:33.170606880,2021-01-22 21:35:36.172106937,1,0,False,0.0,20210125.0
10875,-1,1,1,1,9790.0,3,2021-01-22 21:35:39.173211410,2021-01-22 21:35:43.174660839,0,0,False,3.0,20210125.0
10876,1,2,1,1,9789.0,1,2021-01-22 21:35:45.675284465,2021-01-22 21:35:47.175908299,1,0,False,8.0,20210125.0
10877,-1,1,1,1,9789.0,1,2021-01-22 21:35:52.177624635,2021-01-22 21:35:54.428784863,0,0,False,9.0,20210125.0
10878,1,2,1,1,9789.0,3,2021-01-22 21:35:54.428784863,2021-01-22 21:35:57.930600010,1,0,False,4.0,20210125.0
10879,1,2,1,1,9789.0,3,2021-01-22 21:35:54.678908501,2021-01-22 21:35:57.930600010,0,0,False,10.0,20210125.0
10880,-1,1,1,1,9789.0,1,2021-01-22 21:35:58.680953226,2021-01-22 21:35:58.930986682,0,0,False,,20210125.0
10881,1,2,1,1,9789.0,1,2021-01-22 21:35:59.681431092,2021-01-22 21:35:59.931344718,1,0,False,,20210125.0
10882,-1,1,1,1,9789.0,1,2021-01-22 21:35:59.931344718,2021-01-22 21:36:00.181533750,0,0,False,,20210125.0
10884,1,2,1,1,9787.0,1,2021-01-22 21:36:03.932936927,2021-01-22 21:36:09.435197289,0,0,False,2.0,20210125.0
10887,-1,1,1,1,9786.0,3,2021-01-22 21:36:14.937315257,2021-01-22 21:36:16.187781536,0,0,False,13.0,20210125.0
10883,-1,1,1,1,9789.0,3,2021-01-22 21:36:01.682272020,2021-01-22 21:36:16.187781536,0,0,False,29.0,20210125.0
10885,1,2,1,1,9785.0,3,2021-01-22 21:36:09.935420929,2021-01-22 21:36:16.937993602,0,0,False,24.0,20210125.0
10886,1,2,1,1,9785.0,3,2021-01-22 21:36:10.185622477,2021-01-22 21:36:16.937993602,0,0,False,24.0,20210125.0
10888,1,1,1,1,9785.0,3,2021-01-22 21:36:16.687795677,2021-01-22 21:36:16.937993602,0,0,False,,20210125.0
10889,1,1,1,1,9785.0,3,2021-01-22 21:36:16.937993602,2021-01-22 21:36:17.938088949,0,0,False,26.0,20210125.0
10890,-1,2,1,1,9786.0,1,2021-01-22 21:36:17.938088949,2021-01-22 21:36:18.438365113,0,0,False,3.0,20210125.0
10891,1,1,1,1,9785.0,3,2021-01-22 21:36:24.941224822,2021-01-22 21:36:27.942171155,0,0,False,16.0,20210125.0
10892,-1,2,1,1,9784.0,3,2021-01-22 21:36:36.695253150,2021-01-22 21:36:37.195385512,2,0,False,25.0,20210125.0
10893,-1,2,1,1,9783.0,3,2021-01-22 21:36:37.695629944,2021-01-22 21:36:38.195770291,0,0,False,2.0,20210125.0
10895,1,1,1,1,9781.0,3,2021-01-22 21:36:38.695867838,2021-01-22 21:36:38.945901418,0,0,False,,20210125.0
10894,-1,2,1,1,9783.0,3,2021-01-22 21:36:38.445829508,2021-01-22 21:36:39.196127006,0,0,False,2.0,20210125.0
10896,1,1,1,1,9781.0,3,2021-01-22 21:36:39.446172192,2021-01-22 21:36:40.946609883,0,0,False,3.0,20210125.0
10898,-1,2,1,1,9784.0,4,2021-01-22 21:36:43.197457161,2021-01-22 21:36:46.198604210,0,0,False,0.0,20210125.0
10899,-1,1,1,1,9784.0,4,2021-01-22 21:36:43.697627249,2021-01-22 21:36:46.198604210,0,0,False,0.0,20210125.0
10900,-1,1,1,1,9784.0,4,2021-01-22 21:36:43.947695382,2021-01-22 21:36:46.198604210,0,0,False,0.0,20210125.0
10902,1,2,1,1,9784.0,1,2021-01-22 21:36:46.448528319,2021-01-22 21:36:47.448935391,0,0,False,1.0,20210125.0
10903,1,1,1,1,9784.0,1,2021-01-22 21:36:46.698607446,2021-01-22 21:36:47.448935391,0,0,False,4.0,20210125.0
10901,1,2,1,1,9783.0,4,2021-01-22 21:36:46.198604210,2021-01-22 21:36:47.699032166,0,0,False,0.0,20210125.0
10904,-1,2,1,1,9784.0,1,2021-01-22 21:36:48.449334562,2021-01-22 21:36:49.449708214,0,0,False,0.0,20210125.0
10905,-1,1,1,1,9784.0,3,2021-01-22 21:36:51.950381480,2021-01-22 21:36:56.202139747,0,0,False,1.0,20210125.0
10906,1,2,1,1,9783.0,1,2021-01-22 21:36:56.202139747,2021-01-22 21:36:58.702851052,0,0,False,0.0,20210125.0
10907,1,1,1,1,9783.0,1,2021-01-22 21:36:56.452180152,2021-01-22 21:36:58.702851052,0,0,False,1.0,20210125.0
10908,1,1,1,1,9783.0,1,2021-01-22 21:36:56.702155129,2021-01-22 21:36:58.702851052,0,0,False,1.0,20210125.0
10909,-1,2,1,1,9782.0,3,2021-01-22 21:37:00.203402722,2021-01-22 21:37:01.203812264,0,0,False,17.0,20210125.0
10910,1,1,1,1,9781.0,4,2021-01-22 21:37:01.203812264,2021-01-22 21:37:02.704178783,0,0,False,0.0,20210125.0
10911,-1,2,1,1,9782.0,1,2021-01-22 21:37:12.958796042,2021-01-22 21:37:13.208886077,1,0,False,,20210125.0
10912,1,1,1,1,9782.0,1,2021-01-22 21:37:13.208886077,2021-01-22 21:37:13.709047786,0,0,False,1.0,20210125.0
10913,-1,2,1,1,9781.0,3,2021-01-22 21:37:17.960444159,2021-01-22 21:37:18.210647961,0,0,False,,20210125.0
10914,1,1,1,1,9780.0,3,2021-01-22 21:37:18.460733813,2021-01-22 21:37:18.960784190,0,0,False,38.0,20210125.0
10915,-1,2,1,1,9783.0,3,2021-01-22 21:37:32.465505781,2021-01-22 21:37:33.215705001,0,0,False,2.0,20210125.0
10916,-1,2,1,1,9783.0,3,2021-01-22 21:37:32.715553602,2021-01-22 21:37:33.215705001,0,0,False,2.0,20210125.0
10917,1,1,1,1,9781.0,3,2021-01-22 21:37:34.216042887,2021-01-22 21:37:35.966534308,0,0,False,4.0,20210125.0
10919,1,1,1,1,9781.0,3,2021-01-22 21:37:35.966534308,2021-01-22 21:37:36.966854435,0,0,False,11.0,20210125.0
10921,-1,2,1,1,9780.0,3,2021-01-22 21:37:53.722857982,2021-01-22 21:37:54.223099988,2,0,False,13.0,20210125.0
10922,-1,2,1,1,9780.0,1,2021-01-22 21:37:55.223470392,2021-01-22 21:37:55.473587399,1,0,False,,20210125.0
10923,1,1,1,1,9780.0,3,2021-01-22 21:37:56.223872584,2021-01-22 21:37:56.973996062,0,0,False,1.0,20210125.0
10924,1,1,1,1,9780.0,3,2021-01-22 21:37:56.475013114,2021-01-22 21:37:56.973996062,0,0,False,3.0,20210125.0
10925,-1,2,1,1,9780.0,1,2021-01-22 21:38:19.982908517,2021-01-22 21:38:20.233036578,0,0,False,,20210125.0
10926,-1,2,1,1,9780.0,1,2021-01-22 21:38:20.233036578,2021-01-22 21:38:20.483224095,1,0,False,,20210125.0
10927,1,1,1,1,9780.0,3,2021-01-22 21:38:27.235695338,2021-01-22 21:38:30.987797899,0,0,False,21.0,20210125.0
10928,1,1,1,1,9780.0,3,2021-01-22 21:38:27.485810672,2021-01-22 21:38:30.987797899,0,0,False,21.0,20210125.0
10929,-1,2,1,1,9781.0,1,2021-01-22 21:38:40.741608363,2021-01-22 21:38:42.992387263,0,0,False,7.0,20210125.0
10930,1,1,1,1,9780.0,3,2021-01-22 21:38:43.242616331,2021-01-22 21:38:46.993907308,0,0,False,27.0,20210125.0
10931,-1,2,1,1,9784.0,3,2021-01-22 21:39:04.001213882,2021-01-22 21:39:08.253545440,0,0,False,2.0,20210125.0
10932,1,1,1,1,9781.0,3,2021-01-22 21:39:08.753657093,2021-01-22 21:39:10.003966832,0,0,False,10.0,20210125.0
10933,-1,2,1,1,9781.0,1,2021-01-22 21:39:10.754365650,2021-01-22 21:39:11.004418776,1,0,False,,20210125.0
10934,1,1,1,1,9781.0,3,2021-01-22 21:39:12.004642540,2021-01-22 21:39:13.255086164,0,0,False,1.0,20210125.0
10935,-1,2,1,1,9782.0,1,2021-01-22 21:39:16.756399158,2021-01-22 21:39:19.007035709,1,0,False,5.0,20210125.0
10936,1,1,1,1,9781.0,3,2021-01-22 21:39:19.007035709,2021-01-22 21:39:20.007448080,0,0,False,26.0,20210125.0
10937,-1,2,1,1,9783.0,3,2021-01-22 21:39:26.760083731,2021-01-22 21:39:29.761123894,0,0,False,2.0,20210125.0
10938,1,1,1,1,9782.0,3,2021-01-22 21:39:35.263865911,2021-01-22 21:39:41.267505941,0,0,False,3.0,20210125.0
10939,-1,2,1,1,9783.0,3,2021-01-22 21:39:54.274131162,2021-01-22 21:39:57.275304762,0,0,False,7.0,20210125.0
10940,1,1,1,1,9781.0,3,2021-01-22 21:39:59.776100295,2021-01-22 21:40:01.276580180,0,0,False,3.0,20210125.0
10941,-1,2,1,1,9783.0,1,2021-01-22 21:40:23.284551225,2021-01-22 21:40:23.534710297,1,0,False,,20210125.0
10942,1,1,1,1,9784.0,1,2021-01-22 21:40:34.788800738,2021-01-22 21:40:35.038725979,1,0,False,,20210125.0
10943,-1,2,1,1,9789.0,3,2021-01-22 21:40:55.796178619,2021-01-22 21:40:56.296380749,0,0,False,15.0,20210125.0
10945,1,1,1,1,9787.0,3,2021-01-22 21:41:01.048524266,2021-01-22 21:41:02.048729900,0,0,False,10.0,20210125.0
10946,-1,2,1,1,9788.0,3,2021-01-22 21:41:02.048729900,2021-01-22 21:41:02.298946712,2,0,False,,20210125.0
10947,-1,2,1,1,9788.0,1,2021-01-22 21:41:02.298946712,2021-01-22 21:41:03.799518116,0,0,False,1.0,20210125.0
10948,1,1,1,1,9788.0,4,2021-01-22 21:41:09.803086478,2021-01-22 21:41:11.555819976,1,0,False,0.0,20210125.0
10949,-1,2,1,1,9789.0,1,2021-01-22 21:41:11.555819976,2021-01-22 21:41:13.806495475,0,0,False,19.0,20210125.0
10950,1,1,1,1,9790.0,3,2021-01-22 21:41:15.557140644,2021-01-22 21:41:16.057214432,1,0,False,10.0,20210125.0
10951,-1,2,1,1,9790.0,1,2021-01-22 21:41:18.558420018,2021-01-22 21:41:18.812606375,0,0,False,,20210125.0
10952,-1,1,1,1,9790.0,3,2021-01-22 21:41:19.058445969,2021-01-22 21:41:19.308591505,0,0,False,,20210125.0
10953,1,2,1,1,9790.0,1,2021-01-22 21:41:23.059984826,2021-01-22 21:41:23.310736831,0,0,False,,20210125.0
10954,-1,1,1,1,9790.0,3,2021-01-22 21:41:26.311387700,2021-01-22 21:41:29.062195253,0,0,False,19.0,20210125.0
10955,1,2,1,1,9787.0,3,2021-01-22 21:41:34.565409478,2021-01-22 21:41:35.065421683,0,0,False,11.0,20210125.0
10956,1,1,1,1,9790.0,3,2021-01-22 21:41:47.571002861,2021-01-22 21:41:48.070920591,1,0,False,3.0,20210125.0
10957,-1,2,1,1,9790.0,1,2021-01-22 21:41:49.321455028,2021-01-22 21:41:49.821649494,0,0,False,1.0,20210125.0
10958,-1,1,1,1,9790.0,3,2021-01-22 21:41:50.321879787,2021-01-22 21:41:53.322824316,0,0,False,3.0,20210125.0
10959,1,2,1,1,9790.0,3,2021-01-22 21:42:04.826974247,2021-01-22 21:42:07.077727105,1,0,False,3.0,20210125.0
10960,1,1,1,1,9790.0,3,2021-01-22 21:42:05.327096422,2021-01-22 21:42:07.077727105,0,0,False,5.0,20210125.0
10961,-1,2,1,1,9790.0,1,2021-01-22 21:42:08.328140043,2021-01-22 21:42:09.078274446,0,0,False,1.0,20210125.0
10962,-1,1,1,1,9790.0,1,2021-01-22 21:42:08.828233734,2021-01-22 21:42:09.078274446,0,0,False,,20210125.0
10963,1,2,1,1,9790.0,1,2021-01-22 21:42:09.828632388,2021-01-22 21:42:10.829071572,1,0,False,,20210125.0
10964,-1,1,1,1,9790.0,1,2021-01-22 21:42:15.330592560,2021-01-22 21:42:16.330965183,0,0,False,6.0,20210125.0
10965,-1,1,1,1,9790.0,1,2021-01-22 21:42:15.580604304,2021-01-22 21:42:16.330965183,0,0,False,6.0,20210125.0
10966,1,2,1,1,9787.0,3,2021-01-22 21:42:17.331202547,2021-01-22 21:42:18.081594664,0,0,False,18.0,20210125.0
10967,1,2,1,1,9787.0,3,2021-01-22 21:42:17.831429107,2021-01-22 21:42:18.081594664,0,0,False,,20210125.0
10968,1,1,1,1,9788.0,1,2021-01-22 21:42:19.081856954,2021-01-22 21:42:20.082137083,1,0,False,,20210125.0
10969,1,1,1,1,9788.0,3,2021-01-22 21:42:20.082137083,2021-01-22 21:42:23.085295311,1,0,False,,20210125.0
10970,-1,2,1,1,9787.0,1,2021-01-22 21:42:44.095515789,2021-01-22 21:42:45.095823755,0,0,False,,20210125.0
10971,1,1,1,1,9787.0,3,2021-01-22 21:42:45.095823755,2021-01-22 21:42:46.097346329,0,0,False,,20210125.0
10972,-1,2,1,1,9794.0,3,2021-01-22 21:45:03.400099755,2021-01-22 21:45:05.150715261,0,0,False,16.0,20210125.0
10973,-1,2,1,1,9794.0,3,2021-01-22 21:45:04.150361292,2021-01-22 21:45:05.150715261,0,0,False,22.0,20210125.0
10974,-1,1,1,1,9794.0,3,2021-01-22 21:45:04.400414511,2021-01-22 21:45:05.150715261,0,0,False,22.0,20210125.0
10975,-1,1,1,1,9794.0,3,2021-01-22 21:45:04.650599729,2021-01-22 21:45:05.150715261,0,0,False,22.0,20210125.0
10976,1,2,1,1,9791.0,1,2021-01-22 21:45:09.402219554,2021-01-22 21:45:10.652674086,0,0,False,4.0,20210125.0
10977,1,2,1,1,9791.0,1,2021-01-22 21:45:09.902352190,2021-01-22 21:45:10.652674086,0,0,False,14.0,20210125.0
10978,1,1,1,1,9791.0,1,2021-01-22 21:45:10.152463123,2021-01-22 21:45:10.652674086,0,0,False,14.0,20210125.0
10979,-1,2,1,1,9790.0,1,2021-01-22 21:45:10.902634462,2021-01-22 21:45:11.152906886,2,0,False,,20210125.0
10980,-1,1,1,1,9793.0,3,2021-01-22 21:45:12.403313296,2021-01-22 21:45:15.154505687,1,0,False,1.0,20210125.0
10982,-1,1,1,1,9792.0,1,2021-01-22 21:45:18.155599877,2021-01-22 21:45:21.406639047,0,0,False,3.0,20210125.0
10983,1,2,1,1,9793.0,1,2021-01-22 21:45:22.657223266,2021-01-22 21:45:22.907297861,2,0,False,,20210125.0
10984,-1,1,1,1,9793.0,3,2021-01-22 21:45:23.657650142,2021-01-22 21:45:25.158124616,1,0,False,201.0,20210125.0
